@Manual{r,
    title = {R: A Language and Environment for Statistical Computing},
    author = {{R Core Team}},
    organization = {R Foundation for Statistical Computing},
    address = {Vienna, Austria},
    year = {2021},
    url = {https://www.R-project.org/},
  }
@Manual{rstudio,
    title = {RStudio: Integrated Development Environment for R},
    author = {{RStudio Team}},
    organization = {RStudio, PBC},
    address = {Boston, MA},
    year = {2022},
    url = {http://www.rstudio.com/},
  }
@article{lowery-north2013,
   author = {Lowery-North, D. W. and Hertzberg, V. S. and Elon, L. and Cotsonis, G. and Hilton, S. A. and Vaughns 2nd, C. F. and Hill, E. and Shrestha, A. and Jo, A. and Adams, N.},
   title = {Measuring social contacts in the emergency department},
   journal = {PLoS One},
   volume = {8},
   number = {8},
   pages = {e70854},
   DOI = {10.1371/journal.pone.0070854},
   url = {https://www.ncbi.nlm.nih.gov/pubmed/23990915},
   year = {2013},
   type = {Journal Article}
}

@article{chen2017,
   author = {Chen, Isabel and Benzi, Michele and Chang, Howard H and Hertzberg, Vicki S},
   title = {Dynamic communicability and epidemic spread: a case study on an empirical dynamic contact network},
   journal = {Journal of Complex Networks},
   volume = {5},
   pages = {274-302},
   DOI = {10.1093/comnet/cnw017},
   year = {2017},
   type = {Journal Article}
}

@article{hertzberg2017,
   author = {Hertzberg, Vicki Stover and Baumgardner, Jason and Mehta, C. Christina and Elon, Lisa K. and Cotsonis, George and Lowery-North, Douglas W.},
   title = {Contact networks in the emergency department: Effects of time, environment, patient characteristics, and staff role},
   journal = {Social Networks},
   volume = {48},
   pages = {181-191},
   DOI = {10.1016/j.socnet.2016.08.005},
   url = {http://www.sciencedirect.com/science/article/pii/S0378873316303392},
   year = {2017},
   type = {Journal Article}
}

@article{profit2017,
   author = {Profit, J. and Gould, J. B. and Bennett, M. and Goldstein, B. A. and Draper, D. and Phibbs, C. S. and Lee, H. C.},
   title = {Racial/Ethnic Disparity in NICU Quality of Care Delivery},
   journal = {Pediatrics},
   volume = {140},
   number = {3},
   DOI = {10.1542/peds.2017-0918},
   url = {https://www.ncbi.nlm.nih.gov/pubmed/28847984},
   year = {2017},
   type = {Journal Article}
}
@article{tanabe2004,
   author = {Tanabe, P. and Gimbel, R. and Yarnold, P. R. and Kyriacou, D. N. and Adams, J. G.},
   title = {Reliability and validity of scores on The Emergency Severity Index version 3},
   journal = {Academic Emergency Medicine},
   volume = {11},
   number = {1},
   pages = {59-65},
   DOI = {10.1197/j.aem.2003.06.013},
   url = {https://www.ncbi.nlm.nih.gov/pubmed/14709429},
   year = {2004},
   type = {Journal Article}
}

@article{tanabe2004b,
   author = {Tanabe, P. and Gimbel, R. and Yarnold, P. R. and Adams, J. G.},
   title = {The Emergency Severity Index (version 3) 5-level triage system scores predict ED resource consumption},
   journal = {J Emerg Nurs},
   volume = {30},
   number = {1},
   pages = {22-9},
   DOI = {10.1016/j.jen.2003.11.004},
   url = {https://www.ncbi.nlm.nih.gov/pubmed/14765078},
   year = {2004},
   type = {Journal Article}
}

@article{abbasi2012,
   author = {Abbasi, A. and Uddin, S. and Hossain, L.},
   title = {Socioeconomic analysis of patient-centric networks: effects of patients and hospitals' characteristics and network structure on hospitalization costs},
   journal = {Eur J Health Econ},
   volume = {13},
   number = {3},
   pages = {267-76},
   DOI = {10.1007/s10198-011-0303-5},
   url = {https://www.ncbi.nlm.nih.gov/pubmed/21347691},
   year = {2012},
   type = {Journal Article}
}
@article{benton2015,
   author = {Benton, D. C. and Perez-Raya, F. and Fernandez-Fernandez, M. P. and Gonzalez-Jurado, M. A.},
   title = {A systematic review of nurse-related social network analysis studies},
   journal = {Int Nurs Rev},
   volume = {62},
   number = {3},
   pages = {321-39},
   DOI = {10.1111/inr.12161},
   url = {https://www.ncbi.nlm.nih.gov/pubmed/25496051},
   year = {2015},
   type = {Journal Article}
}


@article{borgatti2013,
   author = {Borgatti, S. P. and Halgin, D. S.},
   title = {On Network Theory},
   journal = {Organization Science},
   volume = {22},
   number = {5},
   pages = {1168-1181},
   DOI = {10.1287/orsc.1100.0641},
   url = {<Go to ISI>://WOS:000295027600006},
   year = {2011},
   type = {Journal Article}
}

@techreport{nhqdr2019,
   author = {Agency for Healthcare Research and Quality},
   title = {2019 National Healthcare Quality and Disparities Report},
   institution = {US Department of Health and Human Services,},
   number = {AHRQ Pub. No. 20(21)-0045-EF},
   month = {December},
   url = {https://nhqrnet.ahrq.gov/inhqrdr/reports/qdr},
   year = {2020},
   type = {Report}
}

