@misc{RN514,
   volume = {2017},
   month = {September 2015},
   url = {http://www.ahrq.gov/funding/training-grants/r36.html},
   type = {Web Page}
}

@techreport{RN621,
   title = {2016 National Healthcare Quality and Disparities Report},
   institution = {Agency for Healthcare Research and Quality},
   number = {AHRQ Pub. No. 17-0001},
   month = {July, 2017},
   type = {Report}
}

@techreport{RN623,
   title = {A Roadmap for Promoting Health Equity and Eliminating Disparities: The Four I’s for Health Equity},
   institution = {National Quality Forum},
   month = {September, 2017},
   url = {www.qualityforum.org},
   type = {Report}
}

@misc{RN638,
   type = {Government Document}
}

@techreport{RN639,
   title = {2015 National Healthcare Quality and Disparities Report chartbook on health care for Blacks},
   institution = {Agency for Healthcare Research and Quality},
   number = {AHRQ Pub. No. 16-0015-1-EF .},
   month = {February, 2016},
   type = {Report}
}

@techreport{RN640,
   title = {National Healthcare Quality and Disparities Report chartbook on care coordination},
   institution = {Agency for Healthcare Research and Quality},
   number = {AHRQ Pub. No. 16-0015-6-EF. },
   month = {June, 2016},
   type = {Report}
}

@techreport{RN641,
   title = {National Healthcare Quality and Disparities Report chartbook on person- and family-centered care},
   institution = {Agency for Healthcare Research and Quality},
   number = {AHRQ Pub. No. 16(17)-0015-9-EF},
   month = {October, 2016},
   type = {Report}
}

@techreport{RN642,
   title = {Racial and Ethnic Disparities by Gender in Health Care in Medicare Advantage},
   institution = {CMS Office of Minority Health and the RAND Corporation},
   month = {April, 2017},
   type = {Report}
}

@techreport{RN643,
   title = {Racial and Ethnic Disparities in Health Care in Medicare Advantage},
   institution = {CMS Office of Minority Health in collaborationg with the RAND Corporation},
   year = {2016},
   type = {Report}
}

@techreport{RN418,
   title = {Communities in action: Pathways to health equity},
   institution = {National Academies of Sciences, Engineering, and Medicine},
   DOI = {10.17226/24624},
   year = {2017},
   type = {Report}
}

@misc{RN451,
   volume = {2017},
   number = {6/12},
   url = {http://nursing.emory.edu/faculty-and-research/areas-of-expertise/index.html},
   year = {2017},
   type = {Web Page}
}

@misc{RN452,
   volume = {2017},
   number = {6/12},
   url = {https://about.citiprogram.org/en/homepage/},
   year = {2017},
   type = {Web Page}
}

@misc{RN652,
   url = {http://www.nursing.emory.edu/student-life/handbooks.html},
   year = {2017},
   type = {Generic}
}

@misc{RN322,
   year = {April, 2016},
   type = {Government Document}
}

@article{RN695,
   author = {Abbasi, A. and Uddin, S. and Hossain, L.},
   title = {Socioeconomic analysis of patient-centric networks: effects of patients and hospitals' characteristics and network structure on hospitalization costs},
   journal = {European Journal of Health Economics},
   volume = {13},
   number = {3},
   pages = {267-276},
   ISSN = {1618-7598},
   url = {http://download.springer.com.proxy.library.emory.edu/static/pdf/780/art%253A10.1007%252Fs10198-011-0303-5.pdf?auth66=1406335546_02eb668da47ffbc5fe8783d4cfb93552&ext=.pdf},
   year = {2012},
   type = {Journal Article}
}

@article{RN678,
   author = {Abramson, Corey M and Hashemi, Manata and Sánchez-Jankowski, Martín},
   title = {Perceived discrimination in US healthcare: charting the effects of key social characteristics within and across racial groups},
   journal = {Preventive medicine reports},
   volume = {2},
   pages = {615-621},
   ISSN = {2211-3355},
   year = {2015},
   type = {Journal Article}
}

@article{RN486,
   author = {Adriaenssens, Jef and De Gucht, Véronique and Maes, Stan},
   title = {Determinants and prevalence of burnout in emergency nurses: A systematic review of 25 years of research},
   journal = {International Journal of Nursing Studies},
   volume = {52},
   number = {2},
   pages = {649-661},
   ISSN = {0020-7489},
   DOI = {https://doi.org/10.1016/j.ijnurstu.2014.11.004},
   url = {http://www.sciencedirect.com/science/article/pii/S0020748914002983
http://www.journalofnursingstudies.com/article/S0020-7489(14)00298-3/fulltext},
   year = {2015},
   type = {Journal Article}
}

@article{RN274,
   author = {Ahn, Andrew C. and Tewari, Muneesh and Poon, Chi-Sang and Phillips, Russell S.},
   title = {The Limits of Reductionism in Medicine: Could Systems Biology Offer an Alternative?},
   journal = {PLOS Medicine},
   volume = {3},
   number = {6},
   pages = {e208},
   DOI = {10.1371/journal.pmed.0030208},
   url = {https://doi.org/10.1371/journal.pmed.0030208},
   year = {2006},
   type = {Journal Article}
}

@article{RN169,
   author = {Aiken, Linda H and Clarke, Sean P and Sloane, Douglas M},
   title = {Hospital staffing, organization, and quality of care: cross-national findings},
   journal = {Nursing outlook},
   volume = {50},
   number = {5},
   pages = {187-194},
   ISSN = {0029-6554},
   year = {2002},
   type = {Journal Article}
}

@article{RN308,
   author = {Aiken, Linda H and Clarke, Sean P and Sloane, Douglas M and Lake, Eileen T and Cheney, Timothy},
   title = {Effects of hospital care environment on patient mortality and nurse outcomes},
   journal = {The Journal of nursing administration},
   volume = {38},
   number = {5},
   pages = {223},
   year = {2008},
   type = {Journal Article}
}

@article{RN314,
   author = {Aiken, Linda H and Clarke, Sean P and Sloane, Douglas M and Sochalski, Julie and Silber, Jeffrey H},
   title = {Hospital Nurse Staffing and Patient Mortality, Nurse Burnout, and Job Dissatisfaction},
   journal = {JAMA},
   volume = {288},
   number = {16},
   pages = {1987-1993},
   ISSN = {0098-7484},
   year = {2002},
   type = {Journal Article}
}

@article{RN64,
   author = {Aiken, Linda H and Clarke, Sean P and Sloane, Douglas M and Sochalski, Julie A and Busse, Reinhard and Clarke, Heather and Giovannetti, Phyllis and Hunt, Jennifer and Rafferty, Anne Marie and Shamian, Judith},
   title = {Nurses' reports on hospital care in five countries},
   journal = {Health affairs},
   volume = {20},
   number = {3},
   pages = {43-53},
   ISSN = {0278-2715},
   year = {2001},
   type = {Journal Article}
}

@article{RN166,
   author = {Aiken, Linda H and Patrician, Patricia A},
   title = {Measuring organizational traits of hospitals: the Revised Nursing Work Index},
   journal = {Nursing research},
   volume = {49},
   number = {3},
   pages = {146-153},
   ISSN = {0029-6562},
   year = {2000},
   type = {Journal Article}
}

@article{RN461,
   author = {Aiken, Linda H. and Sloane, Douglas and Griffiths, Peter and Rafferty, Anne Marie and Bruyneel, Luk and McHugh, Matthew and Maier, Claudia B. and Moreno-Casbas, Teresa and Ball, Jane E. and Ausserhofer, Dietmar and Sermeus, Walter},
   title = {Nursing skill mix in European hospitals: cross-sectional study of the association with mortality, patient ratings, and quality of care},
   journal = {BMJ Quality &amp; Safety},
   volume = {26},
   number = {7},
   pages = {559},
   url = {http://qualitysafety.bmj.com/content/26/7/559.abstract},
   year = {2017},
   type = {Journal Article}
}

@article{RN170,
   author = {Aiken, Linda H and Sloane, Douglas M and Clarke, Sean and Poghosyan, Lusine and Cho, Eunhee and You, Liming and Finlayson, Mary and Kanai-Pak, Masako and Aungsuroch, Yupin},
   title = {Importance of work environments on hospital outcomes in nine countries},
   journal = {International Journal for Quality in Health Care},
   volume = {23},
   number = {4},
   pages = {357-364},
   ISSN = {1353-4505},
   year = {2011},
   type = {Journal Article}
}

@article{RN471,
   author = {Ajri-Khameslou, Mehdi and Abbaszadeh, Abbas and Borhani, Fariba},
   title = {Emergency Nurses as Second Victims of Error},
   journal = {Advanced emergency nursing journal.},
   volume = {39},
   number = {1},
   pages = {68},
   ISSN = {1931-4485},
   year = {2017},
   type = {Journal Article}
}

@article{RN432,
   author = {Akinbami, Lara J and Moorman, Jeanne E and Simon, Alan E and Schoendorf, Kenneth C},
   title = {Trends in racial disparities for asthma outcomes among children 0 to 17 years, 2001-2010},
   journal = {Journal of Allergy and Clinical Immunology},
   volume = {134},
   number = {3},
   pages = {547-553. e5},
   ISSN = {0091-6749},
   year = {2014},
   type = {Journal Article}
}

@article{RN244,
   author = {Alexander, Danette and Abbott, Lincoln and Zhou, Qiuping and Staff, Ilene},
   title = {Can Triage Nurses Accurately Predict Patient Dispositions in the Emergency Department?},
   journal = {Journal of Emergency Nursing},
   volume = {42},
   number = {6},
   pages = {513-518},
   ISSN = {0099-1767},
   DOI = {http://dx.doi.org/10.1016/j.jen.2016.05.008},
   url = {http://www.sciencedirect.com/science/article/pii/S0099176716300757},
   year = {2016},
   type = {Journal Article}
}

@article{RN151,
   author = {Anderson, Christine and Talsma, AkkeNeel},
   title = {Characterizing the structure of operating room staffing using social network analysis},
   journal = {Nursing research},
   volume = {60},
   number = {6},
   pages = {378-385},
   ISSN = {0029-6562},
   year = {2011},
   type = {Journal Article}
}

@article{RN247,
   author = {Anderson, David and Pimentel, Laura and Golden, Bruce and Wasil, Edward and Hirshon, Jon Mark},
   title = {Drivers of ED efficiency: a statistical and cluster analysis of volume, staffing, and operations},
   journal = {The American Journal of Emergency Medicine},
   volume = {34},
   number = {2},
   pages = {155-161},
   ISSN = {0735-6757},
   DOI = {http://dx.doi.org/10.1016/j.ajem.2015.09.034},
   url = {http://www.sciencedirect.com/science/article/pii/S0735675715008177},
   year = {2016},
   type = {Journal Article}
}

@article{RN522,
   author = {Anderson, K. O. and Green, C. R. and Payne, R.},
   title = {Racial and ethnic disparities in pain: causes and consequences of unequal care},
   journal = {J Pain},
   volume = {10},
   number = {12},
   pages = {1187-204},
   ISSN = {1526-5900},
   DOI = {10.1016/j.jpain.2009.10.002},
   year = {2009},
   type = {Journal Article}
}

@article{RN343,
   author = {Aral, S. and Walker, D.},
   title = {Identifying influential and susceptible members of social networks},
   journal = {Science},
   volume = {337},
   number = {6092},
   pages = {337-41},
   ISSN = {0036-8075},
   DOI = {10.1126/science.1215842},
   url = {http://www.sciencemag.org/content/337/6092/337},
   year = {2012},
   type = {Journal Article}
}

@article{RN677,
   author = {Armstrong, Katrina and Putt, Mary and Halbert, Chanita Hughes and Grande, David and Schwartz, J Sanford and Liao, Kaijun and Marcus, Noora and Demeter, Mirar Bristol and Shea, Judy A},
   title = {Prior experiences of racial discrimination and racial differences in health care system distrust},
   journal = {Medical Care},
   volume = {51},
   number = {2},
   pages = {144},
   year = {2013},
   type = {Journal Article}
}

@article{RN416,
   author = {Ashmos, Donde P and Duchon, Dennis and McDaniel Jr, Reuben R},
   title = {Organizational responses to complexity: the effect on organizational performance},
   journal = {Journal of Organizational Change Management},
   volume = {13},
   number = {6},
   pages = {577-595},
   ISSN = {0953-4814},
   year = {2000},
   type = {Journal Article}
}

@article{RN414,
   author = {Atzema, C. L. and Austin, P. C. and Tu, J. V. and Schull, M. J.},
   title = {Emergency department triage of acute myocardial infarction patients and the effect on outcomes},
   journal = {Ann Emerg Med},
   volume = {53},
   number = {6},
   pages = {736-45},
   ISSN = {1097-6760 (Electronic)
0196-0644 (Linking)},
   DOI = {10.1016/j.annemergmed.2008.11.011},
   url = {https://www.ncbi.nlm.nih.gov/pubmed/19157653},
   year = {2009},
   type = {Journal Article}
}

@article{RN457,
   author = {Austin, J. and McGlynn, E. A. and Pronovost, P. J.},
   title = {Fostering transparency in outcomes, quality, safety, and costs},
   journal = {JAMA},
   volume = {316},
   number = {16},
   pages = {1661-1662},
   ISSN = {0098-7484},
   DOI = {10.1001/jama.2016.14039},
   url = {http://dx.doi.org/10.1001/jama.2016.14039},
   year = {2016},
   type = {Journal Article}
}

@article{RN690,
   author = {Aziz, N. M. and Rowland, J. H.},
   title = {Cancer survivorship research among ethnic minority and medically underserved groups},
   journal = {Oncol Nurs Forum},
   volume = {29},
   number = {5},
   pages = {789-801},
   ISSN = {0190-535x},
   DOI = {10.1188/02.onf.789-801},
   url = {http://ons.metapress.com/content/w642x74102n31183/?genre=article&id=doi%3a10.1188%2f02.ONF.789-801},
   year = {2002},
   type = {Journal Article}
}

@article{RN648,
   author = {Bae, S. H. and Nikolaev, A. and Seo, J. Y. and Castner, J.},
   title = {Health Care Provider Social Network Analysis; A systematic review },
   journal = {Nurs Outlook},
   volume = {63},
   number = {5},
   pages = {566-84},
   ISSN = {1528-3968 (Electronic)
0029-6554 (Linking)},
   DOI = {10.1016/j.outlook.2015.05.006},
   url = {https://www.ncbi.nlm.nih.gov/pubmed/26162750},
   year = {2015},
   type = {Journal Article}
}

@article{RN716,
   author = {Bailey, Zinzi D and Krieger, Nancy and Agénor, Madina and Graves, Jasmine and Linos, Natalia and Bassett, Mary T},
   title = {Structural racism and health inequities in the USA: evidence and interventions},
   journal = {The Lancet},
   volume = {389},
   number = {10077},
   pages = {1453-1463},
   ISSN = {0140-6736},
   year = {2017},
   type = {Journal Article}
}

@article{RN506,
   author = {Baker, S. J.},
   title = {Rounding for outcomes: an evidence-based tool to improve nurse retention, patient safety, and quality of care},
   journal = {J Emerg Nurs},
   volume = {36},
   number = {2},
   pages = {162-4},
   ISSN = {1527-2966 (Electronic)
0099-1767 (Linking)},
   DOI = {10.1016/j.jen.2009.11.015},
   url = {https://www.ncbi.nlm.nih.gov/pubmed/20211412},
   year = {2010},
   type = {Journal Article}
}

@article{RN492,
   author = {Baker, Stephanie J.},
   title = {Hourly Rounding in the Emergency Department: How to Accelerate Results},
   journal = {Journal of Emergency Nursing},
   volume = {38},
   number = {1},
   pages = {69-72},
   ISSN = {0099-1767},
   DOI = {https://doi.org/10.1016/j.jen.2011.09.013},
   url = {http://www.sciencedirect.com/science/article/pii/S009917671100482X
http://www.jenonline.org/article/S0099-1767(11)00482-X/fulltext},
   year = {2012},
   type = {Journal Article}
}

@article{RN682,
   author = {Bar-Yam, Yaneer},
   title = {Unifying principles in complex systems},
   journal = {Converging Technology (NBIC) for Improving Human Performance, MC Roco and WS Bainbridge, Dds., Kluwer},
   year = {2003},
   type = {Journal Article}
}

@article{RN699,
   author = {Barrat, Alain and Cattuto, Ciro and Szomszor, Martin and Van den Broeck, Wouter and Alani, Harith},
   title = {Social dynamics in conferences: analyses of data from the Live Social Semantics application},
   journal = {The Semantic Web–ISWC 2010},
   pages = {17-33},
   year = {2010},
   type = {Journal Article}
}

@article{RN179,
   author = {Bastian, Nathaniel D. and Munoz, David and Ventura, Marta},
   title = {A Mixed-Methods Research Framework for Healthcare Process Improvement},
   journal = {Journal of Pediatric Nursing},
   volume = {31},
   number = {1},
   pages = {e39-e51},
   ISSN = {0882-5963},
   DOI = {10.1016/j.pedn.2015.09.003},
   url = {https://login.proxy.library.emory.edu/login?url=https://search.ebscohost.com/login.aspx?direct=true&db=cin20&AN=112367186&site=ehost-live
http://www.pediatricnursing.org/article/S0882-5963(15)00287-0/abstract},
   year = {2016},
   type = {Journal Article}
}

@article{RN344,
   author = {Beck, S. L. and Weiss, M. E. and Ryan-Wenger, N. and Donaldson, N. E. and Aydin, C. and Towsley, G. L. and Gardner, W.},
   title = {Measuring nurses' impact on health care quality: progress, challenges, and future directions},
   journal = {Med Care},
   volume = {51},
   number = {4 Suppl 2},
   pages = {S15-22},
   ISSN = {1537-1948 (Electronic)
0025-7079 (Linking)},
   DOI = {10.1097/MLR.0b013e3182802e8b},
   url = {http://graphics.tx.ovid.com/ovftpdfs/FPDDNCOBLDANNE00/fs047/ovft/live/gv024/00005650/00005650-201304001-00004.pdf},
   year = {2013},
   type = {Journal Article}
}

@article{RN271,
   author = {Bedell, Susanna E and Deitz, David C and Leeman, David and Delbanco, Thomas L},
   title = {Incidence and characteristics of preventable latrogenic cardiac arrests},
   journal = {Jama},
   volume = {265},
   number = {21},
   pages = {2815-2820},
   ISSN = {0098-7484},
   year = {1991},
   type = {Journal Article}
}

@article{RN395,
   author = {Begun, James W.},
   title = {Chaos and Complexity},
   journal = {Journal of Management Inquiry},
   volume = {3},
   number = {4},
   pages = {329-335},
   ISSN = {1056-4926},
   DOI = {10.1177/105649269434006},
   url = {http://journals.sagepub.com/doi/abs/10.1177/105649269434006},
   year = {1994},
   type = {Journal Article}
}

@article{RN276,
   author = {Begun, James W and Zimmerman, Brenda and Dooley, Kevin},
   title = {Health care organizations as complex adaptive systems},
   journal = {Advances in health care organization theory},
   volume = {253},
   pages = {288},
   year = {2003},
   type = {Journal Article}
}

@article{RN415,
   author = {Benenson, Ronald and Magalski, Anthony and Cavanaugh, Sally and Williams, Eric},
   title = {Effects of a pneumonia clinical pathway on time to antibiotic treatment, length of stay, and mortality},
   journal = {Academic Emergency Medicine},
   volume = {6},
   number = {12},
   pages = {1243-1248},
   ISSN = {1553-2712},
   year = {1999},
   type = {Journal Article}
}

@article{RN136,
   author = {Benham-Hutchins, Marge and Clancy, Thomas R},
   title = {Social networks as embedded complex adaptive systems},
   journal = {Journal of Nursing Administration},
   volume = {40},
   number = {9},
   pages = {352-356},
   ISSN = {0002-0443},
   year = {2010},
   type = {Journal Article}
}

@article{RN683,
   author = {Benham-Hutchins, M. and Clancy, T. R.},
   title = {Social networks as embedded complex adaptive systems},
   journal = {J Nurs Adm},
   volume = {40},
   number = {9},
   pages = {352-6},
   ISSN = {0002-0443},
   DOI = {10.1097/NNA.0b013e3181ee42bc},
   url = {http://graphics.tx.ovid.com.proxy.library.emory.edu/ovftpdfs/FPDDNCDCABOANK00/fs046/ovft/live/gv023/00005110/00005110-201009000-00003.pdf},
   year = {2010},
   type = {Journal Article}
}

@article{RN511,
   author = {Benton, D. C. and Pérez-Raya, F. and Fernández-Fernández, M. P. and González-Jurado, M. A.},
   title = {A systematic review of nurse-related social network analysis studies},
   journal = {International nursing review.},
   volume = {62},
   number = {3},
   pages = {321-339},
   ISSN = {0020-8132},
   DOI = {10.1111/inr.12161},
   year = {2015},
   type = {Journal Article}
}

@article{RN456,
   author = {Berg, J. and Hrabowski, F. and Zerhouni, E.},
   title = {Training the workforce for 21st-century science},
   journal = {JAMA},
   volume = {316},
   number = {16},
   pages = {1675-1676},
   ISSN = {0098-7484},
   DOI = {10.1001/jama.2016.12410},
   url = {http://dx.doi.org/10.1001/jama.2016.12410},
   year = {2016},
   type = {Journal Article}
}

@article{RN438,
   author = {Bernstein, Steven L and Aronsky, Dominik and Duseja, Reena and Epstein, Stephen and Handel, Dan and Hwang, Ula and McCarthy, Melissa and John McConnell, K and Pines, Jesse M and Rathlev, Niels},
   title = {The effect of emergency department crowding on clinically oriented outcomes},
   journal = {Academic Emergency Medicine},
   volume = {16},
   number = {1},
   pages = {1-10},
   ISSN = {1553-2712},
   year = {2009},
   type = {Journal Article}
}

@article{RN729,
   author = {Berwick, Donald M.},
   title = {A user's manual for the IOM's 'Quality Chasm' report},
   journal = {Health affairs.},
   volume = {21},
   number = {3},
   pages = {80-90},
   ISSN = {0278-2715},
   DOI = {10.1377/hlthaff.21.3.80},
   year = {2002},
   type = {Journal Article}
}

@article{RN697,
   author = {Bhatia, S.},
   title = {Disparities in cancer outcomes: lessons learned from children with cancer},
   journal = {Pediatr Blood Cancer},
   volume = {56},
   number = {6},
   pages = {994-1002},
   ISSN = {1545-5009},
   DOI = {10.1002/pbc.23078},
   url = {http://www.ncbi.nlm.nih.gov/pmc/articles/PMC3369622/pdf/nihms-378762.pdf},
   year = {2011},
   type = {Journal Article}
}

@article{RN80,
   author = {Billingsley, L. and Wyld, D.},
   title = {How can radio frequency identification technology impact nursing practice?},
   journal = {J Contin Educ Nurs},
   volume = {45},
   number = {12},
   pages = {528-9},
   ISSN = {0022-0124 (Print)
0022-0124 (Linking)},
   url = {https://www.ncbi.nlm.nih.gov/pubmed/25695118},
   year = {2014},
   type = {Journal Article}
}

@article{RN378,
   author = {Bindman, A. B.},
   title = {The agency for healthcare research and quality and the development of a learning health care system},
   journal = {JAMA Internal Medicine},
   ISSN = {2168-6106},
   DOI = {10.1001/jamainternmed.2017.2589},
   url = {http://dx.doi.org/10.1001/jamainternmed.2017.2589},
   year = {2017},
   type = {Journal Article}
}

@article{RN484,
   author = {Blank, Fidela S. J. and Santoro, John and Maynard, Ann M. and Provost, Deborah and Keyes, Marjorie},
   title = {Improving Patient Safety in the ED Waiting Room},
   journal = {Journal of Emergency Nursing},
   volume = {33},
   number = {4},
   pages = {331-335},
   ISSN = {0099-1767},
   DOI = {https://doi.org/10.1016/j.jen.2006.10.016},
   url = {http://www.sciencedirect.com/science/article/pii/S0099176706006581
http://www.jenonline.org/article/S0099-1767(06)00658-1/fulltext},
   year = {2007},
   type = {Journal Article}
}

@article{RN309,
   author = {Blegen, Mary A and Goode, Colleen J and Spetz, Joanne and Vaughn, Thomas and Park, Shin Hye},
   title = {Nurse staffing effects on patient outcomes: safety-net and non-safety-net hospitals},
   journal = {Medical care},
   volume = {49},
   number = {4},
   pages = {406-414},
   ISSN = {0025-7079},
   year = {2011},
   type = {Journal Article}
}

@misc{RN329,
   pages = {308},
   ISBN = {978-0-309-32493-9},
   DOI= {doi:10.17226/19402},
   url = {https://www.nap.edu/catalog/19402/vital-signs-core-metrics-for-health-and-health-care-progress},
   year = {2015},
   type = {Government Document}
}

@book{RN363,
   author = {Bojanowski, M.},
   title = {Introduction to Social Network Analysis with R},
   publisher = {John Wiley & Sons Incorporated},
   ISBN = {9781118456040},
   url = {https://books.google.com/books?id=4xbWBgAAQBAJ},
   year = {2018},
   type = {Book}
}

@article{RN722,
   author = {Bonacich, Phillip and Lloyd, Paulette},
   title = {Eigenvector-like measures of centrality for asymmetric relations},
   journal = {Social networks},
   volume = {23},
   number = {3},
   pages = {191-201},
   ISSN = {0378-8733},
   year = {2001},
   type = {Journal Article}
}

@article{RN627,
   author = {Booker, Staja Q},
   title = {African Americans’ perceptions of pain and pain management: A systematic review},
   journal = {Journal of Transcultural Nursing},
   volume = {27},
   number = {1},
   pages = {73-80},
   ISSN = {1043-6596},
   year = {2016},
   type = {Journal Article}
}

@article{RN712,
   author = {Bor, Jacob and Cohen, Gregory H. and Galea, Sandro},
   title = {Population health in an era of rising income inequality: USA, 1980–2015},
   journal = {The Lancet},
   volume = {389},
   number = {10077},
   pages = {1475-1490},
   ISSN = {01406736},
   DOI = {10.1016/s0140-6736(17)30571-8},
   year = {2017},
   type = {Journal Article}
}

@inbook{RN680,
   author = {Borgatti, Stephen P and Brass, Daniel J and Halgin, Daniel S},
   title = {Social network research: Confusions, criticisms, and controversies},
   booktitle = {Contemporary perspectives on organizational social networks},
   publisher = {Emerald Group Publishing Limited},
   pages = {1-29},
   ISBN = {0733-558X},
   year = {2014},
   type = {Book Section}
}

@book{RN150,
   author = {Borgatti, S. P. and Everett, M. G. and Johnson, J. A.},
   title = {Analyzing Social Networks},
   publisher = {Sage Publications Inc},
   address = {Thousand Oaks, CA},
   year = {2013},
   type = {Book}
}

@article{RN132,
   author = {Borgatti, Stephen P and Halgin, Daniel S},
   title = {On network theory},
   journal = {Organization Science},
   volume = {22},
   number = {5},
   pages = {1168-1181},
   ISSN = {1047-7039},
   year = {2011},
   type = {Journal Article}
}

@article{RN133,
   author = {Borgatti, S. P. and Mehra, A. and Brass, D. J. and Labianca, G.},
   title = {Network analysis in the social sciences},
   journal = {Science},
   volume = {323},
   number = {5916},
   pages = {892-5},
   ISSN = {1095-9203 (Electronic)
0036-8075 (Linking)},
   DOI = {10.1126/science.1165821},
   url = {http://www.ncbi.nlm.nih.gov/pubmed/19213908},
   year = {2009},
   type = {Journal Article}
}

@article{RN479,
   author = {Boudreaux, Edwin D. and O'Hea, Erin L.},
   title = {Patient satisfaction in the Emergency Department: a review of the literature and implications for practice},
   journal = {The Journal of Emergency Medicine},
   volume = {26},
   number = {1},
   pages = {13-26},
   ISSN = {0736-4679},
   DOI = {https://doi.org/10.1016/j.jemermed.2003.04.003},
   url = {http://www.sciencedirect.com/science/article/pii/S0736467903002853
http://www.jem-journal.com/article/S0736-4679(03)00285-3/fulltext},
   year = {2004},
   type = {Journal Article}
}

@article{RN172,
   author = {Boyer, Laurent and Belzeaux, Raoul and Maurel, Olivier and Baumstarck-Barrau, Karine and Samuelian, Jean-Claude},
   title = {A social network analysis of healthcare professional relationships in a French hospital},
   journal = {International Journal of Health Care Quality Assurance},
   volume = {23},
   number = {5},
   pages = {460-469},
   ISSN = {0952-6862},
   year = {2010},
   type = {Journal Article}
}

@article{RN385,
   author = {Brabasi, A.L.},
   title = {Network medicine - from obesity to the 'diseasome'},
   journal = {The New England journal of medicine.},
   volume = {357},
   number = {4},
   pages = {404},
   ISSN = {0028-4793},
   year = {2007},
   type = {Journal Article}
}

@article{RN470,
   author = {Brackett, Tiffany and Comer, Linda and Whichello, Ramona},
   title = {Do Lean Practices Lead to More Time at the Bedside?},
   journal = {Journal for Healthcare Quality: Promoting Excellence in Healthcare},
   volume = {35},
   number = {2},
   pages = {7-14},
   ISSN = {1062-2551},
   DOI = {10.1111/j.1945-1474.2011.00169.x},
   url = {https://login.proxy.library.emory.edu/login?url=https://search.ebscohost.com/login.aspx?direct=true&db=cin20&AN=104249027&site=ehost-live},
   year = {2013},
   type = {Journal Article}
}

@article{RN631,
   author = {Burgess, Diana J and Gravely, Amy A and Nelson, David B and Van Ryn, Michelle and Bair, Matthew J and Kerns, Robert D and Higgins, Diana M and Partin, Melissa R},
   title = {A national study of racial differences in pain screening rates in the VA health care system},
   journal = {The Clinical journal of pain},
   volume = {29},
   number = {2},
   pages = {118-123},
   ISSN = {0749-8047},
   year = {2013},
   type = {Journal Article}
}

@article{RN633,
   author = {Burgess, Diana J and Nelson, David B and Gravely, Amy A and Bair, Matthew J and Kerns, Robert D and Higgins, Diana M and Van Ryn, Michelle and Farmer, Melissa and Partin, Melissa R},
   title = {Racial differences in prescription of opioid analgesics for chronic noncancer pain in a national sample of veterans},
   journal = {The Journal of Pain},
   volume = {15},
   number = {4},
   pages = {447-455},
   ISSN = {1526-5900},
   year = {2014},
   type = {Journal Article}
}

@article{RN628,
   author = {Burgess, Diana J and Phelan, Sean and Workman, Michael and Hagel, Emily and Nelson, David B and Fu, Steven S and Widome, Rachel and van Ryn, Michelle},
   title = {The effect of cognitive load and patient race on physicians' decisions to prescribe opioids for chronic low back pain: a randomized trial},
   journal = {Pain Medicine},
   volume = {15},
   number = {6},
   pages = {965-974},
   ISSN = {1526-4637},
   year = {2014},
   type = {Journal Article}
}

@article{RN629,
   author = {Burgio, Kathryn L and Williams, Beverly R and Dionne-Odom, J Nicholas and Redden, David T and Noh, Hyunjin and Goode, Patricia S and Kvale, Elizabeth and Bakitas, Marie and Bailey, F Amos},
   title = {Racial differences in processes of care at end of life in VA medical centers: planned secondary analysis of data from the BEACON trial},
   journal = {Journal of palliative medicine},
   volume = {19},
   number = {2},
   pages = {157-163},
   ISSN = {1096-6218},
   year = {2016},
   type = {Journal Article}
}

@article{RN646,
   author = {Burstin, Helen},
   title = {“Crossing the quality chasm” in emergency medicine},
   journal = {Academic emergency medicine},
   volume = {9},
   number = {11},
   pages = {1074-1077},
   ISSN = {1553-2712},
   year = {2002},
   type = {Journal Article}
}

@article{RN447,
   author = {Burstin, H. and Leatherman, S. and Goldmann, D.},
   title = {The evolution of healthcare quality measurement in the United States},
   journal = {Journal of Internal Medicine},
   volume = {279},
   number = {2},
   pages = {154-159},
   ISSN = {1365-2796},
   DOI = {10.1111/joim.12471},
   url = {http:https://doi.org/10.1111/joim.12471},
   year = {2016},
   type = {Journal Article}
}

@article{RN70,
   author = {Burton, Paul and Wu, Yu and Prybutok, Victor R. and Harden, Gina},
   title = {Differential Effects of the Volume and Diversity of Communication Network Ties on Knowledge Workers' Performance},
   journal = {Ieee Transactions on Professional Communication},
   volume = {55},
   number = {3},
   pages = {239-253},
   ISSN = {0361-1434; 1558-1500},
   year = {2012},
   type = {Journal Article}
}

@article{RN693,
   author = {Burton, Paul and Wu, Yu and Prybutok, Victor R. and Harden, Gina},
   title = {Differential Effects of the Volume and Diversity of Communication Network Ties on Knowledge Workers' Performance},
   journal = {Ieee Transactions on Professional Communication},
   volume = {55},
   number = {3},
   pages = {239-253},
   ISSN = {0361-1434; 1558-1500},
   year = {2012},
   type = {Journal Article}
}

@phdthesis{RN290,
   author = {Cady, R. G.},
   title = {Measuring the impact of technology on nurse workflow: A mixed methods approach},
   university = {University of Minnesota},
   type = {Dissertation},
   url = {https://login.proxy.library.emory.edu/login?url=http://search.proquest.com/docview/1013752672?accountid=10747},
   year = {2012},
   type = {Thesis}
}

@inbook{RN61,
   author = {Cain, Carol and Haque, Saira},
   title = {Organizational workflow and its impact on work quality},
   booktitle = {Patient Safety and Quality: An Evidence-Based Handbook for Nurses},
   editor = {Hughes, Ronda},
   publisher = {Agency for Healthcare Research (US)},
   address = {Rockville, MD},
   chapter = {31},
   year = {2008},
   type = {Book Section}
}

@article{RN602,
   author = {Canto, John G. and Allison, Jeroan J. and Kiefe, Catarina I. and Fincher, Contessa and Farmer, Robert and Sekar, Padmini and Person, Sharina and Weissman, Norman W.},
   title = {Relation of Race and Sex to the Use of Reperfusion Therapy in Medicare Beneficiaries with Acute Myocardial Infarction},
   journal = {New England Journal of Medicine},
   volume = {342},
   number = {15},
   pages = {1094-1100},
   ISSN = {0028-4793},
   DOI = {10.1056/NEJM200004133421505},
   url = {http://dx.doi.org/10.1056/NEJM200004133421505},
   year = {2000},
   type = {Journal Article}
}

@article{RN313,
   author = {Capuano, Terry and Bokovoy, Joanna and Halkins, Deborah and Hitchings, Kim},
   title = {Work Flow Analysis: Eliminating Non–Value-Added Work},
   journal = {Journal of Nursing Administration},
   volume = {34},
   number = {5},
   pages = {246-256},
   ISSN = {0002-0443},
   year = {2004},
   type = {Journal Article}
}

@article{RN649,
   author = {Carayon, Pascale and Hundt, A Schoofs and Karsh, BT and Gurses, Ayse P and Alvarado, CJ and Smith, M and Brennan, P Flatley},
   title = {Work system design for patient safety: the SEIPS model},
   journal = {BMJ Quality & Safety},
   volume = {15},
   number = {suppl 1},
   pages = {i50-i58},
   ISSN = {2044-5415},
   year = {2006},
   type = {Journal Article}
}

@article{RN173,
   author = {Carson, Matthew B and Scholtens, Denise M and Frailey, Conor N and Gravenor, Stephanie J and Kricke, Gayle E and Soulakis, Nicholas D},
   title = {An Outcome-Weighted Network Model for Characterizing Collaboration},
   journal = {PloS one},
   volume = {11},
   number = {10},
   pages = {e0163861},
   ISSN = {1932-6203},
   year = {2016},
   type = {Journal Article}
}

@article{RN517,
   author = {Carter, A. and Borrero, S. and Wessel, C. and Washington, D. L. and Bean-Mayberry, B. and Corbelli, J.},
   title = {Racial and Ethnic Health Care Disparities Among Women in the Veterans Affairs Healthcare System: A Systematic Review},
   journal = {Womens Health Issues},
   volume = {26},
   number = {4},
   pages = {401-9},
   ISSN = {1049-3867},
   DOI = {10.1016/j.whi.2016.03.009},
   year = {2016},
   type = {Journal Article}
}

@article{RN483,
   author = {Castner, Jessica},
   title = {The Ethics of Time: Care for Your Patient or Nurse Your Charts},
   journal = {Journal of Emergency Nursing},
   volume = {34},
   number = {6},
   pages = {558-560},
   ISSN = {0099-1767},
   DOI = {https://doi.org/10.1016/j.jen.2008.08.019},
   url = {http://www.sciencedirect.com/science/article/pii/S0099176708004741
http://www.jenonline.org/article/S0099-1767(08)00474-1/fulltext},
   year = {2008},
   type = {Journal Article}
}

@article{RN421,
   author = {Cattuto, Ciro and Van den Broeck, Wouter and Barrat, Alain and Colizza, Vittoria and Pinton, Jean-François and Vespignani, Alessandro},
   title = {Dynamics of Person-to-Person Interactions from Distributed RFID Sensor Networks},
   journal = {PLOS ONE},
   volume = {5},
   number = {7},
   pages = {e11596},
   DOI = {10.1371/journal.pone.0011596},
   url = {https://doi.org/10.1371/journal.pone.0011596},
   year = {2010},
   type = {Journal Article}
}

@article{RN171,
   author = {Chambers, Duncan and Wilson, Paul and Thompson, Carl and Harden, Melissa},
   title = {Social Network Analysis in Healthcare Settings: A Systematic Scoping Review},
   journal = {PLOS ONE},
   volume = {7},
   number = {8},
   pages = {e41911},
   DOI = {10.1371/journal.pone.0041911},
   url = {http://dx.doi.org/10.1371%2Fjournal.pone.0041911},
   year = {2012},
   type = {Journal Article}
}

@article{RN719,
   author = {Chen, Guier and Chen, Hong and Liu, Bei and Zheng, Xuping and Zhang, Zhifen},
   title = {Left lateral birthing position for woman with leg amputation: A brief case report},
   journal = {Women and Birth},
   volume = {30},
   number = {5},
   pages = {e264},
   ISSN = {1871-5192},
   year = {2017},
   type = {Journal Article}
}

@article{RN3,
   author = {Chen, Isabel and Benzi, Michele and Chang, Howard H and Hertzberg, Vicki S},
   title = {Dynamic communicability and epidemic spread: a case study on an empirical dynamic contact network},
   journal = {arXiv preprint arXiv:1601.07586},
   year = {2016},
   type = {Journal Article}
}

@article{RN92,
   author = {Chen, Y. Y. and Tsai, M. L.},
   title = {An RFID solution for enhancing inpatient medication safety with real-time verifiable grouping-proof},
   journal = {Int J Med Inform},
   volume = {83},
   number = {1},
   pages = {70-81},
   ISSN = {1872-8243 (Electronic)
1386-5056 (Linking)},
   DOI = {10.1016/j.ijmedinf.2013.06.002},
   url = {https://www.ncbi.nlm.nih.gov/pubmed/23831124},
   year = {2014},
   type = {Journal Article}
}

@article{RN278,
   author = {Chinnis, Ann and White, Kenneth R},
   title = {Challenging the dominant logic of emergency departments: guidelines from chaos theory},
   journal = {The Journal of emergency medicine},
   volume = {17},
   number = {6},
   pages = {1049-1054},
   ISSN = {0736-4679},
   year = {1999},
   type = {Journal Article}
}

@article{RN391,
   author = {Chisholm, Carey D. and Weaver, Christopher S. and Whenmouth, Laura and Giles, Beverly},
   title = {A Task Analysis of Emergency Physician Activities in Academic and Community Settings},
   journal = {Annals of Emergency Medicine},
   volume = {58},
   number = {2},
   pages = {117-122},
   ISSN = {0196-0644},
   DOI = {https://doi.org/10.1016/j.annemergmed.2010.11.026},
   url = {http://www.sciencedirect.com/science/article/pii/S0196064410018238},
   year = {2011},
   type = {Journal Article}
}

@inproceedings{RN160,
   author = {Cho, Eunjoon and Myers, Seth A and Leskovec, Jure},
   title = {Friendship and mobility: user movement in location-based social networks},
   booktitle = {Proceedings of the 17th ACM SIGKDD international conference on Knowledge discovery and data mining},
   publisher = {ACM},
   pages = {1082-1090},
   ISBN = {1450308139},
   type = {Conference Proceedings}
}

@article{RN311,
   author = {Cho, Sung-Hyun and Ketefian, Shaké and Barkauskas, Violet H and Smith, Dean G},
   title = {The Effects of Nurse Staffing on Adverse Events, Morbidity, Mortality, and Medical Costs},
   journal = {Nursing research},
   volume = {52},
   number = {2},
   pages = {71-79},
   ISSN = {0029-6562},
   year = {2003},
   type = {Journal Article}
}

@article{RN696,
   author = {Chow, E. J. and Puumala, S. E. and Mueller, B. A. and Carozza, S. E. and Fox, E. E. and Horel, S. and Johnson, K. J. and McLaughlin, C. C. and Reynolds, P. and Von Behren, J. and Spector, L. G.},
   title = {Childhood cancer in relation to parental race and ethnicity: a 5-state pooled analysis},
   journal = {Cancer},
   volume = {116},
   number = {12},
   pages = {3045-53},
   ISSN = {0008-543X (Print)
0008-543x},
   DOI = {10.1002/cncr.25099},
   url = {http://onlinelibrary.wiley.com/store/10.1002/cncr.25099/asset/25099_ftp.pdf?v=1&t=hr17f7fa&s=123dc098a3112142ca391667f5e6b3c0fb8faefa},
   year = {2010},
   type = {Journal Article}
}

@inproceedings{RN258,
   author = {Chowdhury, Belal and Khosla, Rajiv},
   title = {RFID-based hospital real-time patient management system},
   booktitle = {Computer and Information Science, 2007. ICIS 2007. 6th IEEE/ACIS International Conference on},
   publisher = {IEEE},
   pages = {363-368},
   ISBN = {0769528414},
   type = {Conference Proceedings}
}

@article{RN138,
   author = {Christakis, N. A. and Fowler, J. H.},
   title = {The spread of obesity in a large social network over 32 years},
   journal = {New England Journal of Medicine},
   volume = {357},
   number = {4},
   pages = {370-379},
   ISSN = {0028-4793},
   url = {http://www.nejm.org/doi/pdf/10.1056/NEJMsa066082},
   year = {2007},
   type = {Journal Article}
}

@article{RN149,
   author = {Christakis, N. A. and Fowler, J. H.},
   title = {Social contagion theory: examining dynamic social networks and human behavior},
   journal = {Statistics in Medicine},
   volume = {32},
   number = {4},
   pages = {556-577},
   ISSN = {0277-6715},
   url = {http://onlinelibrary.wiley.com/store/10.1002/sim.5408/asset/sim5408.pdf?v=1&t=hnw3w4lq&s=69c1a83a11e5bdb31175f6a36c27e0571fb8f1be},
   year = {2013},
   type = {Journal Article}
}

@article{RN163,
   author = {Chu, Kar-Hai and Wipfli, Heather and Valente, Thomas W},
   title = {Using visualizations to explore network dynamics},
   journal = {Journal of social structure: JOSS},
   volume = {14},
   year = {2013},
   type = {Journal Article}
}

@article{RN289,
   author = {Clancy, Thomas and PhD, M. B. A. and Rn, Faan},
   title = {It's All About Flow in a Complex Adaptive System},
   journal = {J Nurs Adm},
   volume = {44},
   number = {4},
   pages = {190-193},
   ISSN = {0002-0443},
   url = {http://ovidsp.ovid.com/ovidweb.cgi?T=JS&PAGE=reference&D=ovftp&NEWS=N&AN=00005110-201404000-00002},
   year = {2014},
   type = {Journal Article}
}

@article{RN53,
   author = {Clancy, Thomas R. and Effken, Judith A. and Pesut, Daniel},
   title = {Applications of complex systems theory in nursing education, research, and practice},
   journal = {Nursing Outlook},
   volume = {56},
   number = {5},
   pages = {248-256.e3},
   ISSN = {0029-6554},
   DOI = {http://dx.doi.org/10.1016/j.outlook.2008.06.010},
   url = {http://www.sciencedirect.com/science/article/pii/S0029655408001619},
   year = {2008},
   type = {Journal Article}
}

@article{RN620,
   author = {Clarke, Amanda and Goddu, Anna and Nocon, Robert and Stock, Nicholas and Chyr, Linda and Akuoko, Jaleesa and Chin, Marshall and Md, M. P. H.},
   title = {Thirty Years of Disparities Intervention Research: What Are We Doing to Close Racial and Ethnic Gaps in Health Care?},
   journal = {Med Care},
   volume = {51},
   number = {11},
   pages = {1020-1026},
   ISSN = {0025-7079},
   DOI = {10.1097/MLR.0b013e3182a97ba3},
   url = {http://ovidsp.ovid.com/ovidweb.cgi?T=JS&PAGE=reference&D=ovfto&NEWS=N&AN=00005650-201311000-00011},
   year = {2013},
   type = {Journal Article}
}

@article{RN342,
   author = {Classen, David C. and Resar, Roger and Griffin, Frances and Federico, Frank and Frankel, Terri and Kimmel, Nancy and Whittington, John C. and Frankel, Allan and Seger, Andrew and James, Brent C.},
   title = {'Global trigger tool' shows that adverse events in hospitals may be ten times greater than previously measured},
   journal = {Health affairs.},
   volume = {30},
   number = {4},
   pages = {581-589},
   ISSN = {0278-2715},
   DOI = {10.1377/hlthaff.2011.0190},
   year = {2011},
   type = {Journal Article}
}

@article{RN188,
   author = {Cole, Gai and Stefanus, Dicky and Gardner, Heather and Levy, Matthew J. and Klein, Eili Y.},
   title = {The impact of interruptions on the duration of nursing interventions: a direct observation study in an academic emergency department},
   journal = {BMJ Quality & Safety},
   volume = {25},
   number = {6},
   pages = {457-465},
   ISSN = {2044-5415},
   DOI = {10.1136/bmjqs-2014-003683},
   url = {https://login.proxy.library.emory.edu/login?url=https://search.ebscohost.com/login.aspx?direct=true&db=cin20&AN=115758541&site=ehost-live
http://qualitysafety.bmj.com/content/qhc/25/6/457.full.pdf},
   year = {2016},
   type = {Journal Article}
}

@article{RN523,
   author = {Cone, D. C. and Richardson, L. D. and Todd, K. H. and Betancourt, J. R. and Lowe, R. A.},
   title = {Health care disparities in emergency medicine},
   journal = {Acad Emerg Med},
   volume = {10},
   number = {11},
   pages = {1176-83},
   ISSN = {1069-6563 (Print)
1069-6563},
   url = {http://onlinelibrary.wiley.com/store/10.1197/S1069-6563(03)00486-X/asset/S1069-6563(03)00486-X.pdf?v=1&t=j6wrau9j&s=711fb886a22c3822bf5b4cfebad8b6609a987ad1},
   year = {2003},
   type = {Journal Article}
}

@article{RN525,
   author = {Cook, Benjamin Lê and McGuire, Thomas G. and Zaslavsky, Alan M.},
   title = {Measuring Racial/Ethnic Disparities in Health Care: Methods and Practical Issues},
   journal = {Health Services Research},
   volume = {47},
   number = {3 Pt 2},
   pages = {1232-1254},
   ISSN = {0017-9124
1475-6773},
   DOI = {10.1111/j.1475-6773.2012.01387.x},
   url = {http://www.ncbi.nlm.nih.gov/pmc/articles/PMC3371391/},
   year = {2012},
   type = {Journal Article}
}

@article{RN56,
   author = {Cornell, Paul and Herrin-Griffith, Donna and Keim, Courtney and Petschonek, Sarah and Sanders, Adriane M and D'Mello, Sidney and Golden, Teresa W and Shepherd, Gayle},
   title = {Transforming nursing workflow, part 1: the chaotic nature of nurse activities},
   journal = {Journal of Nursing Administration},
   volume = {40},
   number = {9},
   pages = {366-373},
   ISSN = {0002-0443},
   year = {2010},
   type = {Journal Article}
}

@article{RN60,
   author = {Cornell, Paul and Riordan, Monica and Herrin-Griffith, Donna},
   title = {Transforming nursing workflow, part 2: the impact of technology on nurse activities},
   journal = {Journal of nursing administration},
   volume = {40},
   number = {10},
   pages = {432-439},
   ISSN = {0002-0443},
   year = {2010},
   type = {Journal Article}
}

@article{RN181,
   author = {Cornell, Paul and Riordan, Monica and Townsend-Gervis, Mary and Mobley, Robin},
   title = {Barriers to Critical Thinking Workflow Interruptions and Task Switching Among Nurses},
   journal = {Journal of Nursing Administration},
   volume = {41},
   number = {10},
   pages = {407-414},
   ISSN = {0002-0443},
   DOI = {10.1097/NNA.0b013e31822edd42},
   url = {https://login.proxy.library.emory.edu/login?url=https://search.ebscohost.com/login.aspx?direct=true&db=cin20&AN=108224649&site=ehost-live
http://ovidsp.tx.ovid.com/ovftpdfs/FPDDNCLBCCPAAJ00/fs046/ovft/live/gv023/00005110/00005110-201110000-00006.pdf},
   year = {2011},
   type = {Journal Article}
}

@article{RN508,
   author = {Cosby, Karen S.},
   title = {A framework for classifying factors that contribute to error in the emergency department},
   journal = {Annals of Emergency Medicine},
   volume = {42},
   number = {6},
   pages = {815-823},
   ISSN = {01960644},
   DOI = {10.1016/s0196-0644(03)00635-8},
   year = {2003},
   type = {Journal Article}
}

@article{RN512,
   author = {Cranmer, Skyler J. and Leifeld, Philip and McClurg, Scott D. and Rolfe, Meredith},
   title = {Navigating the Range of Statistical Tools for Inferential Network Analysis},
   journal = {American Journal of Political Science},
   volume = {61},
   number = {1},
   pages = {237-251},
   ISSN = {1540-5907},
   DOI = {10.1111/ajps.12263},
   url = {http:https://doi.org/10.1111/ajps.12263},
   year = {2017},
   type = {Journal Article}
}

@article{RN268,
   author = {Creswick, Nerida and Westbrook, Johanna I and Braithwaite, Jeffrey},
   title = {Understanding communication networks in the emergency department},
   journal = {BMC Health Services Research},
   volume = {9},
   number = {1},
   pages = {247},
   ISSN = {1472-6963},
   year = {2009},
   type = {Journal Article}
}

@article{RN449,
   author = {Cross, Rob and Borgatti, Stephen P and Parker, Andrew},
   title = {Making invisible work visible: Using social network analysis to support strategic collaboration},
   journal = {California management review},
   volume = {44},
   number = {2},
   pages = {25-46},
   ISSN = {0008-1256},
   year = {2002},
   type = {Journal Article}
}

@article{RN450,
   author = {Cross, Rob and Cummings, Jonathon N},
   title = {Tie and network correlates of individual performance in knowledge-intensive work},
   journal = {Academy of management journal},
   volume = {47},
   number = {6},
   pages = {928-937},
   ISSN = {0001-4273},
   year = {2004},
   type = {Journal Article}
}

@article{RN668,
   author = {Crowley-Matoka, M. and Saha, S. and Dobscha, S. K. and Burgess, D. J.},
   title = {Problems of quality and equity in pain management: exploring the role of biomedical culture},
   journal = {Pain Med},
   volume = {10},
   number = {7},
   pages = {1312-24},
   ISSN = {1526-2375},
   DOI = {10.1111/j.1526-4637.2009.00716.x},
   url = {https://watermark.silverchair.com/10-7-1312.pdf?token=AQECAHi208BE49Ooan9kkhW_Ercy7Dm3ZL_9Cf3qfKAc485ysgAAAfYwggHyBgkqhkiG9w0BBwagggHjMIIB3wIBADCCAdgGCSqGSIb3DQEHATAeBglghkgBZQMEAS4wEQQMSF5WMC0TfDwQpwPoAgEQgIIBqRP-kzHgA2UiAjO0k5xQQ1miEaTwUeNG7SoE0clBzL2ZgcMQ3A9zWU_HaYCJwP1CoSYb8bJbK-0yOhMs-n6ha2Mb_sGpTgAWR2Mw2invx1bzCL8jIR3lRC_69j9i6iYji2mDsPCVpX4iqC2hcETbZ0Uewk1Jfhs8pSwtTP56XLMGRmtyPVa3r2K6Lkkj06fMRyEdr_vsPnZeBbY3KnxTKZhfL4t53S4UXvncaHILPp22ne6YhMDogfXUKA1GBAWjhKd3dPRSGVIwMFy0OBXfYaPfGmk_KJKxRgsk8aivK1drm0l29V7AH8dWRj2Fo9C_fCjw84VGXmlawCX20HjmzhFJb9gtOIdckHVjxPj69tK19ajCXhYuaHtza0TDQa6EeKmIPusGubA4GRJxOoE7atlz8BHdHOFTVQwjCBlxwNjXlPe-EkHM1e3WfRmu2IOcfk6vyxBgcl1xcFJ-PWZhD74t0r3hNhkykxZ6hgLAVK9zM_W8a89njaB7_MgUxD4I6a4IX2Noi2WtuT36j8NRbapSicjTnicU-lhXPODWum-pcU5fQxha5J4W},
   year = {2009},
   type = {Journal Article}
}

@article{RN284,
   author = {Cuesta, Carmen},
   title = {The nursing process: from development to implementation*},
   journal = {Journal of Advanced Nursing},
   volume = {8},
   number = {5},
   pages = {365-371},
   ISSN = {1365-2648},
   DOI = {10.1111/j.1365-2648.1983.tb00459.x},
   url = {http:https://dx.doi.org/10.1111/j.1365-2648.1983.tb00459.x},
   year = {1983},
   type = {Journal Article}
}

@article{RN565,
   author = {Cuevas, A. G. and O'Brien, K.},
   title = {Racial centrality may be linked to mistrust in healthcare institutions for African Americans},
   journal = {J Health Psychol},
   pages = {1359105317715092},
   ISSN = {1461-7277 (Electronic)
1359-1053 (Linking)},
   DOI = {10.1177/1359105317715092},
   url = {https://www.ncbi.nlm.nih.gov/pubmed/28810474
http://journals.sagepub.com/doi/abs/10.1177/1359105317715092?url_ver=Z39.88-2003&rfr_id=ori:rid:crossref.org&rfr_dat=cr_pub%3dpubmed},
   year = {2017},
   type = {Journal Article}
}

@article{RN673,
   author = {Cuevas, Adolfo G. and O'Brien, Kerth and Saha, Somnath},
   title = {African American experiences in healthcare: 'I always feel like I’m getting skipped over'},
   journal = {Health Psychology},
   volume = {35},
   number = {9},
   pages = {987-995},
   ISSN = {0278-6133
1930-7810},
   DOI = {10.1037/hea0000368},
   url = {https://login.proxy.library.emory.edu/login?url=http://search.ebscohost.com/login.aspx?direct=true&db=pdh&AN=2016-23417-001&site=ehost-live&scope=site
ORCID: 0000-0002-1566-7364
ORCID: 0000-0001-9875-3825
acuevas@hsph.hardvard.edu},
   year = {2016},
   type = {Journal Article}
}

@article{RN685,
   author = {Cunningham, F. C. and Ranmuthugala, G. and Plumb, J. and Georgiou, A. and Westbrook, J. I. and Braithwaite, J.},
   title = {Health professional networks as a vector for improving healthcare quality and safety: a systematic review},
   journal = {BMJ Qual Saf},
   volume = {21},
   number = {3},
   pages = {239-49},
   ISSN = {2044-5415},
   DOI = {10.1136/bmjqs-2011-000187},
   url = {http://qualitysafety.bmj.com/content/21/3/239.full.pdf},
   year = {2012},
   type = {Journal Article}
}

@book{RN361,
   author = {Danneman, N. and Heimann, R.},
   title = {Social Media Mining with R},
   publisher = {Packt Publishing},
   ISBN = {9781783281787},
   url = {https://books.google.com/books?id=YggqAwAAQBAJ},
   year = {2014},
   type = {Book}
}

@article{RN252,
   author = {de Cordova, Pamela B and Johansen, Mary L and Martinez, Miguel E and Cimiotti, Jeannie P},
   title = {Emergency Department Weekend Presentation and Mortality in Patients With Acute Myocardial Infarction},
   journal = {Nursing Research},
   volume = {66},
   number = {1},
   pages = {20-27},
   ISSN = {0029-6562},
   year = {2017},
   type = {Journal Article}
}

@article{RN189,
   author = {Dearmon, Valorie and Roussel, Linda and Buckner, Ellen B. and Mulekar, Madhuri and Pomrenke, Becky and Salas, Sheri and Mosley, Aimee and Brown, Stephanie and Brown, Ann},
   title = {Transforming Care at the Bedside (TCAB): Enhancing Direct Care and Value-added Care},
   journal = {Journal of Nursing Management},
   volume = {21},
   number = {4},
   pages = {668-678},
   ISSN = {0966-0429},
   DOI = {10.1111/j.1365-2834.2012.01412.x},
   url = {https://login.proxy.library.emory.edu/login?url=https://search.ebscohost.com/login.aspx?direct=true&db=cin20&AN=104291880&site=ehost-live
http://onlinelibrary.wiley.com/doi/10.1111/j.1365-2834.2012.01412.x/abstract},
   year = {2013},
   type = {Journal Article}
}

@article{RN730,
   author = {Dehejia, Rajeev H. and Wahba, Sadek},
   title = {Propensity Score-Matching Methods for Nonexperimental Causal Studies},
   journal = {The Review of Economics and Statistics},
   volume = {84},
   number = {1},
   pages = {151-161},
   ISSN = {00346535, 15309142},
   url = {http://www.jstor.org/stable/3211745},
   year = {2002},
   type = {Journal Article}
}

@article{RN434,
   author = {DeVon, Holli A and Burke, Larisa A and Nelson, Heather and Zerwic, Julie J and Riley, Barth},
   title = {Disparities in patients presenting to the emergency department with potential acute coronary syndrome: It matters if you are Black or White},
   journal = {Heart & Lung: The Journal of Acute and Critical Care},
   volume = {43},
   number = {4},
   pages = {270-277},
   ISSN = {0147-9563},
   year = {2014},
   type = {Journal Article}
}

@techreport{RN624,
   author = {DHHS},
   title = {Emergency Department Transitions of Care: A Quality Measurement Framework},
   institution = {National Quality Forum},
   DOI = {978-1-68248-063-2},
   year = {2017},
   type = {Report}
}

@article{RN714,
   author = {Dickman, Samuel L. and Himmelstein, David U. and Woolhandler, Steffie},
   title = {Inequality and the health-care system in the USA},
   journal = {The Lancet},
   volume = {389},
   number = {10077},
   pages = {1431-1441},
   ISSN = {01406736},
   DOI = {10.1016/s0140-6736(17)30398-7},
   year = {2017},
   type = {Journal Article}
}

@article{RN413,
   author = {Diercks, D. B. and Kirk, J. D. and Lindsell, C. J. and Pollack, C. V., Jr. and Hoekstra, J. W. and Gibler, W. B. and Hollander, J. E.},
   title = {Door-to-ECG time in patients with chest pain presenting to the ED},
   journal = {Am J Emerg Med},
   volume = {24},
   number = {1},
   pages = {1-7},
   ISSN = {0735-6757 (Print)
0735-6757 (Linking)},
   DOI = {10.1016/j.ajem.2005.05.016},
   url = {https://www.ncbi.nlm.nih.gov/pubmed/16338501},
   year = {2006},
   type = {Journal Article}
}

@article{RN328,
   author = {Donabedian, Avedis},
   title = {Evaluating the Quality of Medical Care},
   journal = {The Milbank Memorial Fund Quarterly},
   volume = {44},
   number = {3},
   pages = {166-206},
   ISSN = {00263745},
   DOI = {10.2307/3348969},
   url = {http://www.jstor.org.proxy.library.emory.edu/stable/3348969},
   year = {1966},
   type = {Journal Article}
}

@article{RN443,
   author = {Dougherty, D. and Conway, P. H.},
   title = {The “3t’s” road map to transform us health care: The “how” of high-quality care},
   journal = {JAMA},
   volume = {299},
   number = {19},
   pages = {2319-2321},
   ISSN = {0098-7484},
   DOI = {10.1001/jama.299.19.2319},
   url = {http://dx.doi.org/10.1001/jama.299.19.2319},
   year = {2008},
   type = {Journal Article}
}

@article{RN687,
   author = {Dunn, A. G. and Westbrook, J. I.},
   title = {Interpreting social network metrics in healthcare organisations: a review and guide to validating small networks},
   journal = {Soc Sci Med},
   volume = {72},
   number = {7},
   pages = {1064-8},
   ISSN = {0277-9536},
   DOI = {10.1016/j.socscimed.2011.01.029},
   url = {http://ac.els-cdn.com.proxy.library.emory.edu/S0277953611000724/1-s2.0-S0277953611000724-main.pdf?_tid=0b03270e-450f-11e4-a824-00000aacb35f&acdnat=1411689344_182f3fa9f5c13fb5c01771630ec75597},
   year = {2011},
   type = {Journal Article}
}

@article{RN459,
   author = {Dunton, Nancy and Gajewski, Byron and Klaus, Susan and Pierson, Belinda},
   title = {The Relationship of Nursing Workforce Characteristics to Patient Outcomes},
   journal = {Online Journal of Issues in Nursing},
   volume = {12},
   number = {3},
   pages = {7-7},
   ISSN = {10913734},
   url = {https://login.proxy.library.emory.edu/login?url=https://search.ebscohost.com/login.aspx?direct=true&db=a9h&AN=29434371&site=eds-live},
   year = {2007},
   type = {Journal Article}
}

@article{RN384,
   author = {Dzau, V. J. and McClellan, M. B. and McGinnis, J. and et al.},
   title = {Vital directions for health and health care: Priorities from a national academy of medicine initiative},
   journal = {JAMA},
   volume = {317},
   number = {14},
   pages = {1461-1470},
   ISSN = {0098-7484},
   DOI = {10.1001/jama.2017.1964},
   url = {http://dx.doi.org/10.1001/jama.2017.1964},
   year = {2017},
   type = {Journal Article}
}

@article{RN69,
   author = {Effken, Judith A. and Gephart, Sheila M. and Brewer, Barbara B. and Carley, Kathleen M.},
   title = {Using *ORA, a Network Analysis Tool, to Assess the Relationship of Handoffs to Quality and Safety Outcomes},
   journal = {Cin-Computers Informatics Nursing},
   volume = {31},
   number = {1},
   pages = {36-44},
   ISSN = {1538-2931},
   url = {http://graphics.tx.ovid.com.proxy.library.emory.edu/ovftpdfs/FPDDNCIBCHGBIH00/fs047/ovft/live/gv024/00024665/00024665-201301000-00007.pdf},
   year = {2013},
   type = {Journal Article}
}

@article{RN692,
   author = {Effken, Judith A. and Gephart, Sheila M. and Brewer, Barbara B. and Carley, Kathleen M.},
   title = {Using *ORA, a Network Analysis Tool, to Assess the Relationship of Handoffs to Quality and Safety Outcomes},
   journal = {Cin-Computers Informatics Nursing},
   volume = {31},
   number = {1},
   pages = {36-44},
   ISSN = {1538-2931},
   url = {http://graphics.tx.ovid.com.proxy.library.emory.edu/ovftpdfs/FPDDNCIBCHGBIH00/fs047/ovft/live/gv024/00024665/00024665-201301000-00007.pdf},
   year = {2013},
   type = {Journal Article}
}

@article{RN393,
   author = {Eisenberg, Eric M and Murphy, Alexandra G and Sutcliffe, Kathleen and Wears, Robert and Schenkel, Stephen and Perry, Shawna and Vanderhoef, Mary},
   title = {Communication in Emergency Medicine: Implications for Patient Safety 1 This study was funded by a generous grant from the National Patient Safety Foundation},
   journal = {Communication monographs},
   volume = {72},
   number = {4},
   pages = {390-413},
   ISSN = {0363-7751},
   year = {2005},
   type = {Journal Article}
}

@article{RN71,
   author = {Ellwardt, Lea and Steglich, Christian and Wittek, Rafael},
   title = {The co-evolution of gossip and friendship in workplace social networks},
   journal = {Social Networks},
   volume = {34},
   number = {4},
   pages = {623-633},
   ISSN = {0378-8733},
   url = {http://ac.els-cdn.com.proxy.library.emory.edu/S0378873312000445/1-s2.0-S0378873312000445-main.pdf?_tid=60fc8a28-113f-11e4-9fc4-00000aab0f01&acdnat=1405992643_1574611bfb87aa0dae5a397c4fe40623},
   year = {2012},
   type = {Journal Article}
}

@article{RN422,
   author = {Emmert-Streib, Frank and Dehmer, Matthias},
   title = {Exploring Statistical and Population Aspects of Network Complexity},
   journal = {PLOS ONE},
   volume = {7},
   number = {5},
   pages = {e34523},
   DOI = {10.1371/journal.pone.0034523},
   url = {https://doi.org/10.1371/journal.pone.0034523},
   year = {2012},
   type = {Journal Article}
}

@article{RN704,
   author = {Epstein, Richard H and Dexter, Franklin},
   title = {Development and validation of a structured query language implementation of the Elixhauser comorbidity index},
   journal = {Journal of the American Medical Informatics Association},
   pages = {ocw181},
   ISSN = {1067-5027},
   year = {2017},
   type = {Journal Article}
}

@article{RN345,
   author = {Everett, Martin G and Borgatti, Stephen P},
   title = {Extending centrality},
   journal = {Models and methods in social network analysis},
   volume = {35},
   number = {1},
   pages = {57-76},
   year = {2005},
   type = {Journal Article}
}

@article{RN95,
   author = {Fahey, L. and Dunn Lopez, K. and Storfjell, J. and Keenan, G.},
   title = {Expanding potential of radiofrequency nurse call systems to measure nursing time in patient rooms},
   journal = {J Nurs Adm},
   volume = {43},
   number = {5},
   pages = {302-7},
   ISSN = {1539-0721 (Electronic)
0002-0443 (Linking)},
   DOI = {10.1097/NNA.0b013e31828eebe1},
   url = {https://www.ncbi.nlm.nih.gov/pubmed/23615373
http://ovidsp.tx.ovid.com/ovftpdfs/FPDDNCJCCGEBLM00/fs047/ovft/live/gv031/00005110/00005110-201305000-00011.pdf},
   year = {2013},
   type = {Journal Article}
}

@article{RN178,
   author = {Fairbanks, Rollin J and Bisantz, Ann M and Sunm, Michelle},
   title = {Emergency department communication links and patterns},
   journal = {Annals of emergency medicine},
   volume = {50},
   number = {4},
   pages = {396-406},
   ISSN = {0196-0644},
   year = {2007},
   type = {Journal Article}
}

@article{RN187,
   author = {Farquharson, Barbara and Bell, Cheryl and Johnston, Derek and Jones, Martyn and Schofield, Pat and Allan, Julia and Ricketts, Ian and Morrison, Kenny and Johnston, Marie},
   title = {Frequency of nursing tasks in medical and surgical wards},
   journal = {Journal of Nursing Management},
   volume = {21},
   number = {6},
   pages = {860-866},
   ISSN = {0966-0429},
   DOI = {10.1111/jonm.12110},
   url = {https://login.proxy.library.emory.edu/login?url=https://search.ebscohost.com/login.aspx?direct=true&db=cin20&AN=104223688&site=ehost-live
http://onlinelibrary.wiley.com/doi/10.1111/jonm.12110/abstract},
   year = {2013},
   type = {Journal Article}
}

@article{RN521,
   author = {Fiscella, K. and Sanders, M. R.},
   title = {Racial and Ethnic Disparities in the Quality of Health Care},
   journal = {Annu Rev Public Health},
   volume = {37},
   pages = {375-94},
   ISSN = {0163-7525},
   DOI = {10.1146/annurev-publhealth-032315-021439},
   url = {http://www.annualreviews.org/doi/pdf/10.1146/annurev-publhealth-032315-021439},
   year = {2016},
   type = {Journal Article}
}

@article{RN394,
   author = {Fordyce, James and Blank, Fidela SJ and Pekow, Penelope and Smithline, Howard A and Ritter, George and Gehlbach, Stephen and Benjamin, Evan and Henneman, Philip L},
   title = {Errors in a busy emergency department},
   journal = {Annals of emergency medicine},
   volume = {42},
   number = {3},
   pages = {324-333},
   ISSN = {0196-0644},
   year = {2003},
   type = {Journal Article}
}

@article{RN476,
   author = {Fordyce, James and Blank, Fidela S. J. and Pekow, Penelope and Smithline, Howard A. and Ritter, George and Gehlbach, Stephen and Benjamin, Evan and Henneman, Philip L.},
   title = {Errors in a busy emergency department},
   journal = {Annals of Emergency Medicine},
   volume = {42},
   number = {3},
   pages = {324-333},
   ISSN = {0196-0644},
   DOI = {https://doi.org/10.1016/S0196-0644(03)00398-6},
   url = {http://www.sciencedirect.com/science/article/pii/S0196064403003986
http://www.annemergmed.com/article/S0196-0644(03)00398-6/fulltext},
   year = {2003},
   type = {Journal Article}
}

@article{RN723,
   author = {Fossey, Ellie and Harvey, Carol and McDermott, Fiona and Davidson, Larry},
   title = {Understanding and evaluating qualitative research},
   journal = {Australian and New Zealand journal of psychiatry},
   volume = {36},
   number = {6},
   pages = {717-732},
   ISSN = {1440-1614},
   year = {2002},
   type = {Journal Article}
}

@article{RN142,
   author = {Fowler, J. H. and Christakis, N. A.},
   title = {Cooperative behavior cascades in human social networks},
   journal = {Proceedings of the National Academy of Sciences of the United States of America},
   volume = {107},
   number = {12},
   pages = {5334-5338},
   ISSN = {0027-8424},
   url = {http://www.pnas.org/content/107/12/5334.full.pdf},
   year = {2010},
   type = {Journal Article}
}

@article{RN143,
   author = {Fowler, J. H. and Christakis, N. A.},
   title = {A random world is a fair world},
   journal = {Proceedings of the National Academy of Sciences of the United States of America},
   volume = {110},
   number = {7},
   pages = {2440-2441},
   ISSN = {0027-8424},
   url = {http://www.ncbi.nlm.nih.gov/pmc/articles/PMC3574916/pdf/pnas.201222674.pdf},
   year = {2013},
   type = {Journal Article}
}

@article{RN144,
   author = {Fowler, J. H. and Dawes, C. T. and Christakis, N.},
   title = {Model of genetic variation in human social networks},
   journal = {Behavior Genetics},
   volume = {39},
   number = {6},
   pages = {651-652},
   ISSN = {0001-8244},
   year = {2009},
   type = {Journal Article}
}

@article{RN283,
   author = {Fraser, Sarah W and Greenhalgh, Trisha},
   title = {Coping with complexity: educating for capability},
   journal = {BMJ: British Medical Journal},
   volume = {323},
   number = {7316},
   pages = {799},
   ISSN = {0959-8138},
   year = {2001},
   type = {Journal Article}
}

@article{RN681,
   author = {Freeman, Linton},
   title = {The development of social network analysis},
   journal = {A Study in the Sociology of Science},
   volume = {1},
   year = {2004},
   type = {Journal Article}
}

@article{RN346,
   author = {Freeman, Linton C},
   title = {A set of measures of centrality based on betweenness},
   journal = {Sociometry},
   pages = {35-41},
   ISSN = {0038-0431},
   year = {1977},
   type = {Journal Article}
}

@article{RN347,
   author = {Freeman, Linton C},
   title = {Centrality in social networks conceptual clarification},
   journal = {Social networks},
   volume = {1},
   number = {3},
   pages = {215-239},
   ISSN = {0378-8733},
   year = {1979},
   type = {Journal Article}
}

@article{RN145,
   author = {Fu, F. and Nowak, M. A. and Christakis, N. A. and Fowler, J. H.},
   title = {The Evolution of Homophily},
   journal = {Scientific Reports},
   volume = {2},
   ISSN = {2045-2322},
   year = {2012},
   type = {Journal Article}
}

@article{RN474,
   author = {Fullam, Charlene},
   title = {Acuity-based ED nurse staffing: A successful 5-year experience},
   journal = {Journal of Emergency Nursing},
   volume = {28},
   number = {2},
   pages = {138-140},
   ISSN = {0099-1767},
   DOI = {https://doi.org/10.1067/men.2002.122219},
   url = {http://www.sciencedirect.com/science/article/pii/S0099176702583859
http://www.jenonline.org/article/S0099-1767(02)58385-9/fulltext},
   year = {2002},
   type = {Journal Article}
}

@misc{RN285,
   volume = {2017},
   number = {May 4},
   url = {https://oasis.state.ga.us/oasis/webquery/qryER.aspx},
   year = {2017},
   type = {Web Page}
}

@book{RN327,
   author = {Gilbreth, Lillian M},
   title = {The Psychology of Management: the Function of the Mind in Determining, Teaching, and Installing Methods of Least Waste},
   address = {New York},
   year = {1914},
   type = {Book}
}

@article{RN564,
   author = {Glover, L. M. and Sims, M. and Winters, K.},
   title = {Perceived Discrimination and Reported Trust and Satisfaction with Providers in African Americans: The Jackson Heart Study},
   journal = {Ethn Dis},
   volume = {27},
   number = {3},
   pages = {209-216},
   ISSN = {1049-510X (Print)
1049-510X (Linking)},
   DOI = {10.18865/ed.27.3.209},
   url = {https://www.ncbi.nlm.nih.gov/pubmed/28811731
https://www.ethndis.org/edonline/index.php/ethndis/article/view/661},
   year = {2017},
   type = {Journal Article}
}

@article{RN146,
   author = {Goel, Sharad and Goldstein, Daniel G.},
   title = {Predicting Individual Behavior with Social Networks},
   journal = {Marketing Science},
   volume = {0},
   number = {0},
   pages = {null},
   DOI = {doi:10.1287/mksc.2013.0817},
   url = {http://pubsonline.informs.org/doi/abs/10.1287/mksc.2013.0817},
   year = {2013},
   type = {Journal Article}
}

@article{RN273,
   author = {Goldberger, Ary L},
   title = {Non-linear dynamics for clinicians: chaos theory, fractals, and complexity at the bedside},
   journal = {The Lancet},
   volume = {347},
   number = {9011},
   pages = {1312-1314},
   ISSN = {0140-6736},
   year = {1996},
   type = {Journal Article}
}

@article{RN679,
   author = {Gomes, Carla and McGuire, Thomas G},
   title = {Identifying the sources of racial and ethnic disparities in health care use},
   journal = {Unpublished manuscript},
   year = {2001},
   type = {Journal Article}
}

@inproceedings{RN161,
   author = {Gomez Rodriguez, Manuel and Leskovec, Jure and Krause, Andreas},
   title = {Inferring networks of diffusion and influence},
   booktitle = {Proceedings of the 16th ACM SIGKDD international conference on Knowledge discovery and data mining},
   publisher = {ACM},
   pages = {1019-1028},
   ISBN = {1450300553},
   type = {Conference Proceedings}
}

@article{RN674,
   author = {Goodin, Burel R. and Pham, Quyen T. and Glover, Toni L. and Sotolongo, Adriana and King, Christopher D. and Sibille, Kimberly T. and Herbert, Matthew S. and Cruz-Almeida, Yenisel and Sanden, Shelley H. and Staud, Roland and Redden, David T. and Bradley, Laurence A. and Fillingim, Roger B.},
   title = {Perceived racial discrimination, but not mistrust of medical researchers, predicts the heat pain tolerance of African Americans with symptomatic knee osteoarthritis},
   journal = {Health Psychology},
   volume = {32},
   number = {11},
   pages = {1117-1126},
   ISSN = {0278-6133
1930-7810},
   DOI = {10.1037/a0031592},
   url = {https://login.proxy.library.emory.edu/login?url=http://search.ebscohost.com/login.aspx?direct=true&db=pdh&AN=2013-38499-002&site=ehost-live&scope=site
ORCID: 0000-0001-7395-6271
bgoodin1@uab.edu},
   year = {2013},
   type = {Journal Article}
}

@article{RN371,
   author = {Gordon, J. and Sheppard, L. A. and Anaf, S.},
   title = {The patient experience in the emergency department: A systematic synthesis of qualitative research},
   journal = {Int Emerg Nurs},
   volume = {18},
   number = {2},
   pages = {80-8},
   ISSN = {1878-013X (Electronic)
1878-013X (Linking)},
   DOI = {10.1016/j.ienj.2009.05.004},
   url = {https://www.ncbi.nlm.nih.gov/pubmed/20382369},
   year = {2010},
   type = {Journal Article}
}

@article{RN431,
   author = {Goyal, Monika K and Kuppermann, Nathan and Cleary, Sean D and Teach, Stephen J and Chamberlain, James M},
   title = {Racial disparities in pain management of children with appendicitis in emergency departments},
   journal = {JAMA pediatrics},
   volume = {169},
   number = {11},
   pages = {996-1002},
   ISSN = {2168-6203},
   year = {2015},
   type = {Journal Article}
}

@article{RN396,
   author = {Graff, Louis and Palmer, Antonetta Carlone and LaMonica, Patricia and Wolf, Steve},
   title = {Triage of patients for a rapid (5-minute) electrocardiogram: A rule based on presenting chief complaints},
   journal = {Annals of Emergency Medicine},
   volume = {36},
   number = {6},
   pages = {554-560},
   ISSN = {0196-0644},
   DOI = {https://doi.org/10.1067/mem.2000.111057},
   url = {http://www.sciencedirect.com/science/article/pii/S0196064400808380},
   year = {2000},
   type = {Journal Article}
}

@article{RN372,
   author = {Graff, Louis and Stevens, Carl and Spaite, Daniel and Foody, JoAnne},
   title = {Measuring and Improving Quality in Emergency Medicine},
   journal = {Academic Emergency Medicine},
   volume = {9},
   number = {11},
   pages = {1091-1107},
   ISSN = {1553-2712},
   DOI = {10.1197/aemj.9.11.1091},
   url = {http:https://dx.doi.org/10.1197/aemj.9.11.1091},
   year = {2002},
   type = {Journal Article}
}

@article{RN398,
   author = {Graff, Louis G. and Dallara, John and Ross, Michael A. and Joseph, Anthony J. and Itzcovitz, James and Andelman, Robert P. and Emerman, Chuck and Turbiner, Steve and Espinosa, James A. and Severance, Harry},
   title = {Impact on the Care of the Emergency Department Chest Pain Patient from the Chest Pain Evaluation Registry (CHEPER) Study},
   journal = {The American Journal of Cardiology},
   volume = {80},
   number = {5},
   pages = {563-568},
   ISSN = {0002-9149},
   DOI = {https://doi.org/10.1016/S0002-9149(97)00422-0},
   url = {http://www.sciencedirect.com/science/article/pii/S0002914997004220},
   year = {1997},
   type = {Journal Article}
}

@article{RN348,
   author = {Granovetter, Mark},
   title = {The Strength of Weak Ties: A Network Theory Revisited},
   journal = {Sociological Theory},
   volume = {1},
   pages = {201-233},
   ISSN = {07352751},
   DOI = {10.2307/202051},
   url = {http://www.jstor.org/stable/202051},
   year = {1983},
   type = {Journal Article}
}

@article{RN349,
   author = {Granovetter, Mark S},
   title = {The Strength of Weak Ties},
   journal = {American journal of sociology},
   pages = {1360-1380},
   ISSN = {0002-9602},
   year = {1973},
   type = {Journal Article}
}

@article{RN731,
   author = {Gravlee, Clarence C.},
   title = {How race becomes biology: Embodiment of social inequality},
   journal = {American Journal of Physical Anthropology},
   volume = {139},
   number = {1},
   pages = {47-57},
   ISSN = {1096-8644},
   DOI = {10.1002/ajpa.20983},
   url = {http:https://doi.org/10.1002/ajpa.20983},
   year = {2009},
   type = {Journal Article}
}

@article{RN599,
   author = {Green, Alexander R. and Carney, Dana R. and Pallin, Daniel J. and Ngo, Long H. and Raymond, Kristal L. and Iezzoni, Lisa I. and Banaji, Mahzarin R.},
   title = {Implicit Bias among Physicians and its Prediction of Thrombolysis Decisions for Black and White Patients},
   journal = {Journal of General Internal Medicine},
   volume = {22},
   number = {9},
   pages = {1231-1238},
   ISSN = {1525-1497},
   DOI = {10.1007/s11606-007-0258-5},
   url = {https://doi.org/10.1007/s11606-007-0258-5},
   year = {2007},
   type = {Journal Article}
}

@article{RN520,
   author = {Green, C. R. and Anderson, K. O. and Baker, T. A. and Campbell, L. C. and Decker, S. and Fillingim, R. B. and Kalauokalani, D. A. and Lasch, K. E. and Myers, C. and Tait, R. C. and Todd, K. H. and Vallerand, A. H.},
   title = {The unequal burden of pain: confronting racial and ethnic disparities in pain},
   journal = {Pain Med},
   volume = {4},
   number = {3},
   pages = {277-94},
   ISSN = {1526-2375 (Print)
1526-2375},
   url = {https://deepblue.lib.umich.edu/bitstream/handle/2027.42/73822/j.1526-4637.2003.03034.x.pdf?sequence=1},
   year = {2003},
   type = {Journal Article}
}

@article{RN604,
   author = {Greenwald, Anthony G. and Poehlman, T. Andrew and Uhlmann, Eric Luis and Banaji, Mahzarin R.},
   title = {Understanding and using the Implicit Association Test: III. Meta-analysis of predictive validity},
   journal = {Journal of personality and social psychology.},
   volume = {97},
   number = {1},
   pages = {17-41},
   ISSN = {0022-3514},
   DOI = {10.1037/a0015575},
   year = {2009},
   type = {Journal Article}
}

@article{RN370,
   author = {Grief, C. Lynne},
   title = {Patterns of ED use and perceptions of the elderly regarding their emergency care: A synthesis of recent research},
   journal = {Journal of Emergency Nursing},
   volume = {29},
   number = {2},
   pages = {122-126},
   ISSN = {00991767},
   DOI = {10.1067/men.2003.65},
   year = {2003},
   type = {Journal Article}
}

@article{RN125,
   author = {Grober, Ethan D and Bohnen, John MA},
   title = {Defining medical error},
   journal = {canadian Journal of Surgery},
   volume = {48},
   number = {1},
   pages = {39},
   ISSN = {0008-428X},
   year = {2005},
   type = {Journal Article}
}

@inproceedings{RN721,
   author = {Gundlapalli, Adi and Ma, Xiulian and Benuzillo, Jose and Pettey, Warren and Greenberg, Richard and Hales, Joseph and Leecaster, Molly and Samore, Matthew},
   title = {Social network analyses of patient-healthcare worker interactions: implications for disease transmission},
   booktitle = {AMIA Annual Symposium Proceedings},
   publisher = {American Medical Informatics Association},
   volume = {2009},
   pages = {213},
   type = {Conference Proceedings}
}

@article{RN72,
   author = {Haines, V. A. and Godley, J. and Hawe, P.},
   title = {Understanding Interdisciplinary Collaborations as Social Networks},
   journal = {American Journal of Community Psychology},
   volume = {47},
   number = {1-2},
   pages = {1-11},
   ISSN = {0091-0562},
   url = {http://download.springer.com.proxy.library.emory.edu/static/pdf/841/art%253A10.1007%252Fs10464-010-9374-1.pdf?auth66=1406335201_7f64a077c66c7de48b1c41b639fd7056&ext=.pdf},
   year = {2011},
   type = {Journal Article}
}

@article{RN596,
   author = {Han, X. and Call, K. T. and Pintor, J. K. and Alarcon-Espinoza, G. and Simon, A. B.},
   title = {Reports of insurance-based discrimination in health care and its association with access to care},
   journal = {Am J Public Health},
   volume = {105 Suppl 3},
   pages = {S517-25},
   ISSN = {1541-0048 (Electronic)
0090-0036 (Linking)},
   DOI = {10.2105/AJPH.2015.302668},
   url = {https://www.ncbi.nlm.nih.gov/pubmed/25905821
https://www.ncbi.nlm.nih.gov/pmc/articles/PMC4455519/pdf/AJPH.2015.302668.pdf},
   year = {2015},
   type = {Journal Article}
}

@article{RN409,
   author = {Handel, D. and Epstein, S. and Khare, R. and Abernethy, D. and Klauer, K. and Pilgrim, R. and Soremekun, O. and Sayan, O.},
   title = {Interventions to improve the timeliness of emergency care},
   journal = {Acad Emerg Med},
   volume = {18},
   number = {12},
   pages = {1295-302},
   ISSN = {1069-6563},
   DOI = {10.1111/j.1553-2712.2011.01230.x},
   url = {http://onlinelibrary.wiley.com/store/10.1111/j.1553-2712.2011.01230.x/asset/j.1553-2712.2011.01230.x.pdf?v=1&t=j3lzu2gq&s=b3758880c19cbea741973ea98589507dbc82eef2},
   year = {2011},
   type = {Journal Article}
}

@article{RN727,
   author = {Harris, Paul A and Taylor, Robert and Thielke, Robert and Payne, Jonathon and Gonzalez, Nathaniel and Conde, Jose G},
   title = {Research electronic data capture (REDCap)—a metadata-driven methodology and workflow process for providing translational research informatics support},
   journal = {Journal of biomedical informatics},
   volume = {42},
   number = {2},
   pages = {377-381},
   ISSN = {1532-0464},
   year = {2009},
   type = {Journal Article}
}

@article{RN337,
   author = {Hartman, Micah and Martin, Anne B. and Lassman, David and Catlin, Aaron},
   title = {National Health Spending In 2013: Growth Slows, Remains In Step With The Overall Economy},
   journal = {Health Affairs},
   volume = {34},
   number = {1},
   pages = {150-160},
   ISSN = {02782715},
   DOI = {http://dx.doi.org/10.1377/hlthaff.2014.1107},
   url = {https://login.proxy.library.emory.edu/login?url=http://search.proquest.com/docview/1644633206?accountid=10747
http://emory-primoprod.hosted.exlibrisgroup.com/openurl/01EMORY/01EMORY_services_page?url_ver=Z39.88-2004&rft_val_fmt=info:ofi/fmt:kev:mtx:journal&genre=article&sid=ProQ:ProQ%3Aabiglobal&atitle=National+Health+Spending+In+2013%3A+Growth+Slows%2C+Remains+In+Step+With+The+Overall+Economy&title=Health+Affairs&issn=02782715&date=2015-01-01&volume=34&issue=1&spage=150&au=Hartman%2C+Micah%3BMartin%2C+Anne+B%3BLassman%2C+David%3BCatlin%2C+Aaron&isbn=&jtitle=Health+Affairs&btitle=&rft_id=info:eric/&rft_id=info:doi/0001866285%3B+10.1377%2Fhlthaff.2014.1107},
   year = {2015},
   type = {Journal Article}
}

@article{RN694,
   author = {Hawe, P. and Ghali, L.},
   title = {Use of social network analysis to map the social relationships of staff and teachers at school},
   journal = {Health Education Research},
   volume = {23},
   number = {1},
   pages = {62-69},
   ISSN = {0268-1153},
   url = {http://her.oxfordjournals.org/content/23/1/62.full.pdf},
   year = {2008},
   type = {Journal Article}
}

@article{RN350,
   author = {Hawe, Penelope and Webster, Cynthia and Shiell, Alan},
   title = {A glossary of terms for navigating the field of social network analysis},
   journal = {Journal of epidemiology and community health},
   volume = {58},
   number = {12},
   pages = {971-975},
   ISSN = {1470-2738},
   year = {2004},
   type = {Journal Article}
}

@misc{RN670,
   year = {1985},
   type = {Government Document}
}

@article{RN598,
   author = {Heins, J. K. and Heins, A. and Grammas, M. and Costello, M. and Huang, K. and Mishra, S.},
   title = {Disparities in analgesia and opioid prescribing practices for patients with musculoskeletal pain in the emergency department},
   journal = {J Emerg Nurs},
   volume = {32},
   number = {3},
   pages = {219-24},
   ISSN = {0099-1767 (Print)
0099-1767},
   DOI = {10.1016/j.jen.2006.01.010},
   year = {2006},
   type = {Journal Article}
}

@article{RN176,
   author = {Hendrich, Ann and Chow, Marilyn and Skierczynski, Boguslaw A and Lu, Zhenqiang},
   title = {A 36-hospital time and motion study: How do medical-surgical nurses spend their time?},
   journal = {RCHE Publications},
   pages = {50},
   year = {2008},
   type = {Journal Article}
}

@article{RN107,
   author = {Hendrich, A. and Chow, M. P. and Bafna, S. and Choudhary, R. and Heo, Y. and Skierczynski, B. A.},
   title = {Unit-related factors that affect nursing time with patients: spatial analysis of the time and motion study},
   journal = {HERD},
   volume = {2},
   number = {2},
   pages = {5-20},
   ISSN = {1937-5867 (Print)
1937-5867 (Linking)},
   url = {https://www.ncbi.nlm.nih.gov/pubmed/21161927},
   year = {2009},
   type = {Journal Article}
}

@article{RN177,
   author = {Hendrich, Ann L and Nelson, Lee},
   title = {Intra-unit patient transports: time, motion, and cost impact on hospital efficiency},
   journal = {Nursing Economics},
   volume = {23},
   number = {4},
   pages = {157},
   ISSN = {0746-1739},
   year = {2005},
   type = {Journal Article}
}

@article{RN524,
   author = {Hirsh, A. T. and Hollingshead, N. A. and Ashburn-Nardo, L. and Kroenke, K.},
   title = {The interaction of patient race, provider bias, and clinical ambiguity on pain management decisions},
   journal = {J Pain},
   volume = {16},
   number = {6},
   pages = {558-68},
   ISSN = {1528-8447 (Electronic)
1526-5900 (Linking)},
   DOI = {10.1016/j.jpain.2015.03.003},
   url = {https://www.ncbi.nlm.nih.gov/pubmed/25828370},
   year = {2015},
   type = {Journal Article}
}

@article{RN390,
   author = {Hobgood, Cherri and Villani, John and Quattlebaum, Robert},
   title = {Impact of Emergency Department Volume on Registered Nurse Time at the Bedside},
   journal = {Annals of Emergency Medicine},
   volume = {46},
   number = {6},
   pages = {481-489},
   ISSN = {0196-0644},
   DOI = {https://doi.org/10.1016/j.annemergmed.2005.07.014},
   url = {http://www.sciencedirect.com/science/article/pii/S0196064405014277},
   year = {2005},
   type = {Journal Article}
}

@article{RN605,
   author = {Hoffman, Kelly M. and Trawalter, Sophie and Axt, Jordan R. and Oliver, M. Norman},
   title = {Racial bias in pain assessment and treatment recommendations, and false beliefs about biological differences between blacks and whites},
   journal = {Proceedings of the National Academy of Sciences of the United States of America.},
   volume = {113},
   number = {16},
   pages = {4296-4301},
   ISSN = {0027-8424},
   DOI = {10.1073/pnas.1516047113},
   year = {2016},
   type = {Journal Article}
}

@phdthesis{RN636,
   author = {Hollingshead, Nicole A},
   title = {Examining the influence of Hispanic ethnicity and ethnic bias on medical students’ pain decisions},
   year = {2016},
   type = {Thesis}
}

@article{RN635,
   author = {Hollingshead, Nicole A and Meints, Samantha M and Miller, Megan M and Robinson, Michael E and Hirsh, Adam T},
   title = {A comparison of race‐related pain stereotypes held by White and Black individuals},
   journal = {Journal of Applied Social Psychology},
   volume = {46},
   number = {12},
   pages = {718-723},
   ISSN = {1559-1816},
   year = {2016},
   type = {Journal Article}
}

@article{RN502,
   author = {Hong, K. J. and Shin, S. D. and Song, K. J. and Cha, W. C. and Cho, J. S.},
   title = {Association between ED crowding and delay in resuscitation effort},
   journal = {Am J Emerg Med},
   volume = {31},
   number = {3},
   pages = {509-15},
   ISSN = {1532-8171 (Electronic)
0735-6757 (Linking)},
   DOI = {10.1016/j.ajem.2012.09.029},
   url = {https://www.ncbi.nlm.nih.gov/pubmed/23159432},
   year = {2013},
   type = {Journal Article}
}

@article{RN478,
   author = {Hooper, Crystal and Craig, Janet and Janvrin, David R. and Wetsel, Margaret A. and Reimels, Elaine},
   title = {Compassion Satisfaction, Burnout, and Compassion Fatigue Among Emergency Nurses Compared With Nurses in Other Selected Inpatient Specialties},
   journal = {Journal of Emergency Nursing},
   volume = {36},
   number = {5},
   pages = {420-427},
   ISSN = {0099-1767},
   DOI = {https://doi.org/10.1016/j.jen.2009.11.027},
   url = {http://www.sciencedirect.com/science/article/pii/S0099176709005534
http://www.jenonline.org/article/S0099-1767(09)00553-4/fulltext},
   year = {2010},
   type = {Journal Article}
}

@article{RN442,
   author = {Hoot, Nathan R. and Aronsky, Dominik},
   title = {Systematic Review of Emergency Department Crowding: Causes, Effects, and Solutions},
   journal = {Annals of Emergency Medicine},
   volume = {52},
   number = {2},
   pages = {126-136.e1},
   ISSN = {0196-0644},
   DOI = {http://dx.doi.org/10.1016/j.annemergmed.2008.03.014},
   url = {http://www.sciencedirect.com/science/article/pii/S0196064408006069},
   year = {2008},
   type = {Journal Article}
}

@article{RN651,
   author = {Hossain, Liaquat and Guan, Danny Chun Kit},
   title = {Modelling coordination in hospital emergency departments through social network analysis},
   journal = {Disasters},
   volume = {36},
   number = {2},
   pages = {338-364},
   ISSN = {1467-7717},
   DOI = {10.1111/j.0361-3666.2010.01260.x},
   url = {http:https://doi.org/10.1111/j.0361-3666.2010.01260.x},
   year = {2012},
   type = {Journal Article}
}

@book{RN365,
   author = {Hughes, Ronda},
   title = {Patient safety and quality: An evidence-based handbook for nurses},
   publisher = {Citeseer},
   volume = {3},
   year = {2008},
   type = {Edited Book}
}

@article{RN439,
   author = {Hwang, Ula and Richardson, Lynne and Livote, Elayne and Harris, Ben and Spencer, Natasha and Sean Morrison, R},
   title = {Emergency department crowding and decreased quality of pain care},
   journal = {Academic Emergency Medicine},
   volume = {15},
   number = {12},
   pages = {1248-1255},
   ISSN = {1553-2712},
   year = {2008},
   type = {Journal Article}
}

@article{RN664,
   author = {Hwang, U. and Weber, E. J. and Richardson, L. D. and Sweet, V. and Todd, K. and Abraham, G. and Ankel, F.},
   title = {A research agenda to assure equity during periods of emergency department crowding},
   journal = {Acad Emerg Med},
   volume = {18},
   number = {12},
   pages = {1318-23},
   ISSN = {1069-6563},
   DOI = {10.1111/j.1553-2712.2011.01233.x},
   url = {http://onlinelibrary.wiley.com/store/10.1111/j.1553-2712.2011.01233.x/asset/j.1553-2712.2011.01233.x.pdf?v=1&t=j8ylumqc&s=1544996068aaa097e24e7ff2b438ed054221cb7c},
   year = {2011},
   type = {Journal Article}
}

@book{RN691,
   author = {Institute of, Medicine},
   title = {Measuring the Quality of Health Care},
   publisher = {The National Academies Press},
   address = {Washington, DC},
   ISBN = {978-0-309-06387-6},
   DOI = {10.17226/6418},
   url = {https://www.nap.edu/catalog/6418/measuring-the-quality-of-health-care},
   year = {1999},
   type = {Book}
}

@book{RN441,
   author = {Institute of, Medicine},
   title = {Unequal Treatment: Confronting Racial and Ethnic Disparities in Health Care (full printed version)},
   publisher = {The National Academies Press},
   address = {Washington, DC},
   ISBN = {978-0-309-08532-8},
   DOI = {10.17226/10260},
   url = {https://www.nap.edu/catalog/10260/unequal-treatment-confronting-racial-and-ethnic-disparities-in-health-care},
   year = {2003},
   type = {Book}
}

@book{RN358,
   author = {Institute of, Medicine},
   title = {The Future of Nursing: Leading Change, Advancing Health},
   publisher = {The National Academies Press},
   address = {Washington, DC},
   ISBN = {978-0-309-15823-7},
   DOI = {10.17226/12956},
   url = {https://www.nap.edu/catalog/12956/the-future-of-nursing-leading-change-advancing-health},
   year = {2011},
   type = {Book}
}

@misc{RN357,
   ISBN = {978-0-309-07280-9},
   DOI= {10.17226/10027},
   url = {https://www.nap.edu/catalog/10027/crossing-the-quality-chasm-a-new-health-system-for-the},
   year = {2001},
   type = {Government Document}
}

@article{RN700,
   author = {Isella, Lorenzo and Stehlé, Juliette and Barrat, Alain and Cattuto, Ciro and Pinton, Jean-François and Van den Broeck, Wouter},
   title = {What's in a crowd? Analysis of face-to-face behavioral networks},
   journal = {Journal of theoretical biology},
   volume = {271},
   number = {1},
   pages = {166-180},
   ISSN = {0022-5193},
   year = {2011},
   type = {Journal Article}
}

@article{RN603,
   author = {Jackson, Chazeman S. and Gracia, J. Nadine},
   title = {Addressing Health and Health-Care Disparities: The Role of a Diverse Workforce and the Social Determinants of Health},
   journal = {Public Health Reports},
   volume = {129},
   number = {Suppl 2},
   pages = {57-61},
   ISSN = {0033-3549
1468-2877},
   url = {http://www.ncbi.nlm.nih.gov/pmc/articles/PMC3863703/},
   year = {2014},
   type = {Journal Article}
}

@article{RN131,
   author = {James, John T},
   title = {A new, evidence-based estimate of patient harms associated with hospital care},
   journal = {Journal of patient safety},
   volume = {9},
   number = {3},
   pages = {122-128},
   ISSN = {1549-8417},
   year = {2013},
   type = {Journal Article}
}

@article{RN572,
   author = {James, S. A.},
   title = {The strangest of all encounters: racial and ethnic discrimination in US health care},
   journal = {Cad Saude Publica},
   volume = {33Suppl 1},
   number = {Suppl 1},
   pages = {e00104416},
   ISSN = {1678-4464 (Electronic)
0102-311X (Linking)},
   DOI = {10.1590/0102-311X00104416},
   url = {https://www.ncbi.nlm.nih.gov/pubmed/28492707
http://www.scielo.br/pdf/csp/v33s1/1678-4464-csp-33-s1-e00104416.pdf},
   year = {2017},
   type = {Journal Article}
}

@article{RN709,
   author = {Jessen, Marie K and Skibsted, Simon and Shapiro, Nathan I},
   title = {Number of organ dysfunctions predicts mortality in emergency department patients with suspected infection: a multicenter validation study},
   journal = {European Journal of Emergency Medicine},
   volume = {24},
   number = {3},
   pages = {176-182},
   ISSN = {0969-9546},
   year = {2017},
   type = {Journal Article}
}

@article{RN504,
   author = {Jo, S. and Kim, K. and Lee, J. H. and Rhee, J. E. and Kim, Y. J. and Suh, G. J. and Jin, Y. H.},
   title = {Emergency department crowding is associated with 28-day mortality in community-acquired pneumonia patients},
   journal = {J Infect},
   volume = {64},
   number = {3},
   pages = {268-75},
   ISSN = {1532-2742 (Electronic)
0163-4453 (Linking)},
   DOI = {10.1016/j.jinf.2011.12.007},
   url = {https://www.ncbi.nlm.nih.gov/pubmed/22227383},
   year = {2012},
   type = {Journal Article}
}

@article{RN490,
   author = {Johansen, Mary L.},
   title = {Conflicting Priorities: Emergency Nurses Perceived Disconnect Between Patient Satisfaction and the Delivery of Quality Patient Care},
   journal = {Journal of Emergency Nursing},
   volume = {40},
   number = {1},
   pages = {13-19},
   ISSN = {0099-1767},
   DOI = {https://doi.org/10.1016/j.jen.2012.04.013},
   url = {http://www.sciencedirect.com/science/article/pii/S0099176712001912
http://www.jenonline.org/article/S0099-1767(12)00191-2/fulltext},
   year = {2014},
   type = {Journal Article}
}

@article{RN248,
   author = {Johnson, Kimberly D. and Winkelman, Chris and Burant, Christopher J. and Dolansky, Mary and Totten, Vicken},
   title = {The Factors that Affect the Frequency of Vital Sign Monitoring in the Emergency Department},
   journal = {Journal of Emergency Nursing},
   volume = {40},
   number = {1},
   pages = {27-35},
   ISSN = {0099-1767},
   DOI = {http://dx.doi.org/10.1016/j.jen.2012.07.023},
   url = {http://www.sciencedirect.com/science/article/pii/S0099176712003923},
   year = {2014},
   type = {Journal Article}
}

@article{RN647,
   author = {Johnson, Tiffani J and Weaver, Matthew D and Borrero, Sonya and Davis, Esa M and Myaskovsky, Larissa and Zuckerbraun, Noel S and Kraemer, Kevin L},
   title = {Association of race and ethnicity with management of abdominal pain in the emergency department},
   journal = {Pediatrics},
   volume = {132},
   number = {4},
   pages = {e851-e858},
   ISSN = {0031-4005},
   year = {2013},
   type = {Journal Article}
}

@article{RN454,
   author = {Jones, Florence and Podila, Pradeep and Powers, Cynthia},
   title = {Creating a culture of safety in the emergency department: the value of teamwork training},
   journal = {Journal of Nursing Administration},
   volume = {43},
   number = {4},
   pages = {194-200},
   ISSN = {0002-0443},
   year = {2013},
   type = {Journal Article}
}

@article{RN165,
   author = {Jones, T. L.},
   title = {Radiofrequency Identification Exploiting an Old Technology for Measuring Nurse Time and Motion},
   journal = {Cin-Computers Informatics Nursing},
   volume = {30},
   number = {9},
   pages = {463-472},
   ISSN = {1538-2931},
   DOI = {10.1097/NXN.0b013e3182545418},
   year = {2012},
   type = {Journal Article}
}

@article{RN164,
   author = {Jones, T. L. and Schlegel, C.},
   title = {Can Real Time Location System Technology (RTLS) Provide Useful Estimates of Time Use by Nursing Personnel?},
   journal = {Research in Nursing & Health},
   volume = {37},
   number = {1},
   pages = {75-84},
   ISSN = {0160-6891},
   DOI = {10.1002/nur.21578},
   url = {http://onlinelibrary.wiley.com/doi/10.1002/nur.21578/abstract},
   year = {2014},
   type = {Journal Article}
}

@article{RN698,
   author = {Joshua, T. V. and Rizzo, J. D. and Zhang, M. J. and Hari, P. N. and Kurian, S. and Pasquini, M. and Majhail, N. S. and Lee, S. J. and Horowitz, M. M.},
   title = {Access to hematopoietic stem cell transplantation: effect of race and sex},
   journal = {Cancer},
   volume = {116},
   number = {14},
   pages = {3469-76},
   ISSN = {0008-543X (Print)
0008-543x},
   DOI = {10.1002/cncr.25297},
   url = {http://onlinelibrary.wiley.com/store/10.1002/cncr.25297/asset/25297_ftp.pdf?v=1&t=hr17g9ao&s=bc20f81bf0eba56c8a7b2e9378ff7b5e6f96a3c9},
   year = {2010},
   type = {Journal Article}
}

@article{RN184,
   author = {Ju Young, Yoon and King, Barbara and Pecanac, Kristen and Brown, Roger and Mahoney, Jane and Fanglin, Kuo},
   title = {Comparison of Time-and-Motion Observations and Self-Reports to Capture Mobility-Related Nursing Care Activities for Hospitalized Older Adults},
   journal = {Research in Gerontological Nursing},
   volume = {8},
   number = {3},
   pages = {110-117},
   ISSN = {1940-4921},
   DOI = {10.3928/19404921-20150304-02},
   url = {https://login.proxy.library.emory.edu/login?url=https://search.ebscohost.com/login.aspx?direct=true&db=cin20&AN=103803915&site=ehost-live
http://www.healio.com/nursing/journals/rgn/2015-5-8-3/%7B056e99d7-a08d-418c-996e-d82d7801ad20%7D/comparison-of-time-and-motion-observations-and-self-reports-to-capture-mobility-related-nursing-care-activities-for-hospitalized-older-adults},
   year = {2015},
   type = {Journal Article}
}

@article{RN4,
   author = {Jukka-Pekka, Onnela and Jari, Saramäki and Jörkki, Hyvönen and Gábor, Szabó and Menezes, M. Argollo de and Kimmo, Kaski and Albert-László, Barabási and János, Kertész},
   title = {Analysis of a large-scale weighted network of one-to-one human communication},
   journal = {New Journal of Physics},
   volume = {9},
   number = {6},
   pages = {179},
   ISSN = {1367-2630},
   url = {http://stacks.iop.org/1367-2630/9/i=6/a=179},
   year = {2007},
   type = {Journal Article}
}

@book{RN148,
   author = {Kadushin, C},
   title = {Understanding Social Networks: Theories, Concepts, and Findings},
   publisher = {Oxford University Press},
   address = {New York, NY},
   edition = {Kindle},
   pages = {252},
   ISBN = {978-0-19-537946-4},
   year = {2012},
   type = {Book}
}

@article{RN185,
   author = {Kakushi, Luciana Emi and Martinez Évora, Yolanda Dora},
   title = {Direct and indirect nursing care time in an intensive care unit},
   journal = {Revista Latino-Americana de Enfermagem (RLAE)},
   volume = {22},
   number = {1},
   pages = {150-157},
   ISSN = {1518-8345},
   DOI = {10.1590/0104-1169.3032.2381},
   url = {https://login.proxy.library.emory.edu/login?url=https://search.ebscohost.com/login.aspx?direct=true&db=cin20&AN=104051712&site=ehost-live
https://www.ncbi.nlm.nih.gov/pmc/articles/PMC4292703/pdf/rlae-22-01-0150.pdf},
   year = {2014},
   type = {Journal Article}
}

@techreport{RN465,
   author = {Kane, Robert L and Shamliyan, Tatyana and Mueller, Christine and Duval, Sue and Wilt, Timothy J},
   title = {Nurse staffing and quality of patient care},
   institution = {Agency for Healthcare Research and Quality},
   year = {2007},
   type = {Report}
}

@article{RN310,
   author = {Kane, Robert L and Shamliyan, Tatyana A and Mueller, Christine and Duval, Sue and Wilt, Timothy J},
   title = {The Association of Registered Nurse Staffing Levels and Patient Outcomes: Systematic Review and Meta-Analysis},
   journal = {Medical care},
   volume = {45},
   number = {12},
   pages = {1195-1204},
   ISSN = {0025-7079},
   year = {2007},
   type = {Journal Article}
}

@article{RN376,
   author = {Kanzaria, Hemal K. and Probst, Marc A. and Hsia, Renee Y.},
   title = {Emergency Department Death Rates Dropped By Nearly 50 Percent, 1997-2011},
   journal = {Health Affairs},
   volume = {35},
   number = {7},
   pages = {1303-1308},
   ISSN = {0278-2715},
   DOI = {10.1377/hlthaff.2015.1394},
   url = {https://login.proxy.library.emory.edu/login?url=https://search.ebscohost.com/login.aspx?direct=true&db=cin20&AN=116675045&site=ehost-live},
   year = {2016},
   type = {Journal Article}
}

@article{RN318,
   author = {Kaplan, Robert S. and Porter, Michael E.},
   title = {How to Solve The Cost Crisis In Health Care},
   journal = {Harvard Business Review},
   volume = {89},
   number = {9},
   pages = {46-64},
   ISSN = {00178012},
   url = {https://login.proxy.library.emory.edu/login?url=https://search.ebscohost.com/login.aspx?direct=true&db=bth&AN=64495985&site=ehost-live},
   year = {2011},
   type = {Journal Article}
}

@article{RN462,
   author = {Kellogg, Kathryn M. and Hettinger, Zach and Shah, Manish and Wears, Robert L. and Sellers, Craig R. and Squires, Melissa and Fairbanks, Rollin J.},
   title = {Our current approach to root cause analysis: is it contributing to our failure to improve patient safety?},
   journal = {BMJ Quality &amp; Safety},
   volume = {26},
   number = {5},
   pages = {381},
   url = {http://qualitysafety.bmj.com/content/26/5/381.abstract},
   year = {2017},
   type = {Journal Article}
}

@article{RN607,
   author = {Kenny, Stephen C.},
   title = {Power, opportunism, racism: Human experiments under American slavery},
   journal = {Endeavour},
   volume = {39},
   number = {1},
   pages = {10-20},
   ISSN = {0160-9327},
   DOI = {http://dx.doi.org/10.1016/j.endeavour.2015.02.002},
   url = {http://www.sciencedirect.com/science/article/pii/S0160932714200202},
   year = {2015},
   type = {Journal Article}
}

@inproceedings{RN162,
   author = {Kim, Myunghwan and Leskovec, Jure},
   title = {Multiplicative attribute graph model of real-world networks},
   booktitle = {International Workshop on Algorithms and Models for the Web-Graph},
   publisher = {Springer},
   pages = {62-73},
   type = {Conference Proceedings}
}

@article{RN499,
   author = {Kipnis, A. and Rhodes, K. V. and Burchill, C. N. and Datner, E.},
   title = {The relationship between patients' perceptions of team effectiveness and their care experience in the emergency department},
   journal = {J Emerg Med},
   volume = {45},
   number = {5},
   pages = {731-8},
   ISSN = {0736-4679 (Print)
0736-4679 (Linking)},
   DOI = {10.1016/j.jemermed.2012.11.052},
   url = {https://www.ncbi.nlm.nih.gov/pubmed/23473891},
   year = {2013},
   type = {Journal Article}
}

@article{RN466,
   author = {Korn, R. and Mansfield, M.},
   title = {ED overcrowding: an assessment tool to monitor ED registered nurse workload that accounts for admitted patients residing in the emergency department},
   journal = {J Emerg Nurs},
   volume = {34},
   number = {5},
   pages = {441-6},
   ISSN = {1527-2966 (Electronic)
0099-1767 (Linking)},
   DOI = {10.1016/j.jen.2007.06.025},
   url = {https://www.ncbi.nlm.nih.gov/pubmed/18804718},
   year = {2008},
   type = {Journal Article}
}

@article{RN473,
   author = {Kosits, Lisa Mariani and Jones, Katherine},
   title = {Interruptions Experienced by Registered Nurses Working in the Emergency Department},
   journal = {Journal of Emergency Nursing},
   volume = {37},
   number = {1},
   pages = {3-8},
   ISSN = {0099-1767},
   DOI = {https://doi.org/10.1016/j.jen.2009.12.024},
   url = {http://www.sciencedirect.com/science/article/pii/S0099176709006333
http://www.jenonline.org/article/S0099-1767(09)00633-3/fulltext},
   year = {2011},
   type = {Journal Article}
}

@article{RN292,
   author = {Krall, Scott P. and Guardiola, Jose and Richman, Peter B.},
   title = {Increased door to admission time is associated with prolonged throughput for ED patients discharged home},
   journal = {The American Journal of Emergency Medicine},
   volume = {34},
   number = {9},
   pages = {1783-1787},
   ISSN = {0735-6757},
   DOI = {https://doi.org/10.1016/j.ajem.2016.06.002},
   url = {http://www.sciencedirect.com/science/article/pii/S0735675716302133},
   year = {2016},
   type = {Journal Article}
}

@article{RN293,
   author = {Kramer, Marlene and Schmalenberg, Claudia},
   title = {Confirmation of a healthy work environment},
   journal = {Critical Care Nurse},
   volume = {28},
   number = {2},
   pages = {56-63},
   ISSN = {0279-5442},
   year = {2008},
   type = {Journal Article}
}

@article{RN120,
   author = {Kreider, Consuelo M. and Bendixen, Roxanna M. and Mann, William C. and Young, Mary Ellen and McCarty, Christopher},
   title = {Mixed-method Exploration of Social Network Links to Participation},
   journal = {OTJR : occupation, participation and health},
   volume = {35},
   number = {3},
   pages = {151-159},
   ISSN = {1539-4492
1938-2383},
   url = {http://www.ncbi.nlm.nih.gov/pmc/articles/PMC4659346/},
   year = {2015},
   type = {Journal Article}
}

@article{RN464,
   author = {Kreindler, Sara Adi},
   title = {Six ways not to improve patient flow: a qualitative study},
   journal = {BMJ Quality &amp; Safety},
   volume = {26},
   number = {5},
   pages = {388},
   url = {http://qualitysafety.bmj.com/content/26/5/388.abstract},
   year = {2017},
   type = {Journal Article}
}

@article{RN242,
   author = {Kunz Howard, Patricia},
   title = {Prioritizing Patients with Acuity 3},
   journal = {Journal of Emergency Nursing},
   volume = {37},
   number = {3},
   pages = {296-297},
   ISSN = {0099-1767},
   DOI = {http://dx.doi.org/10.1016/j.jen.2011.02.010},
   url = {http://www.sciencedirect.com/science/article/pii/S0099176711000900},
   year = {2011},
   type = {Journal Article}
}

@article{RN608,
   author = {Kurek, Kimberley and Teevan, Bridget E and Zlateva, Ianita and Anderson, Daren R},
   title = {Patient-provider social concordance and health outcomes in patients with type 2 diabetes: a retrospective study from a large federally qualified health center in Connecticut},
   journal = {Journal of racial and ethnic health disparities},
   volume = {3},
   number = {2},
   pages = {217-224},
   ISSN = {2197-3792},
   year = {2016},
   type = {Journal Article}
}

@article{RN593,
   author = {Kydd, A. and Fleming, A.},
   title = {Ageism and age discrimination in health care: Fact or fiction? A narrative review of the literature},
   journal = {Maturitas},
   volume = {81},
   number = {4},
   pages = {432-8},
   ISSN = {1873-4111 (Electronic)
0378-5122 (Linking)},
   DOI = {10.1016/j.maturitas.2015.05.002},
   url = {https://www.ncbi.nlm.nih.gov/pubmed/26044073},
   year = {2015},
   type = {Journal Article}
}

@inproceedings{RN78,
   author = {Lahtela, Antti and Hassinen, Marko and Jylha, Virpi},
   title = {RFID and NFC in healthcare: Safety of hospitals medication care},
   booktitle = {Pervasive Computing Technologies for Healthcare, 2008. PervasiveHealth 2008. Second International Conference on},
   publisher = {IEEE},
   pages = {241-244},
   ISBN = {9639799157},
   type = {Conference Proceedings}
}

@article{RN609,
   author = {LaVeist, Thomas A and Nuru-Jeter, Amani},
   title = {Is doctor-patient race concordance associated with greater satisfaction with care?},
   journal = {Journal of health and social behavior},
   pages = {296-306},
   ISSN = {0022-1465},
   year = {2002},
   type = {Journal Article}
}

@article{RN429,
   author = {Lazer, David and Pentland, Alex Sandy and Adamic, Lada and Aral, Sinan and Barabasi, Albert Laszlo and Brewer, Devon and Christakis, Nicholas and Contractor, Noshir and Fowler, James and Gutmann, Myron},
   title = {Life in the network: the coming age of computational social science},
   journal = {Science (New York, NY)},
   volume = {323},
   number = {5915},
   pages = {721},
   year = {2009},
   type = {Journal Article}
}

@article{RN400,
   author = {Leape, L. L.},
   title = {Error in medicine},
   journal = {JAMA},
   volume = {272},
   number = {23},
   pages = {1851-1857},
   ISSN = {0098-7484},
   DOI = {10.1001/jama.1994.03520230061039},
   url = {http://dx.doi.org/10.1001/jama.1994.03520230061039},
   year = {1994},
   type = {Journal Article}
}

@article{RN58,
   author = {Leape, Lucian L and Berwick, Donald M},
   title = {Five years after To Err Is Human: what have we learned?},
   journal = {Jama},
   volume = {293},
   number = {19},
   pages = {2384-2390},
   ISSN = {0098-7484},
   year = {2005},
   type = {Journal Article}
}

@article{RN124,
   author = {Leape, Lucian L and Brennan, Troyen A and Laird, Nan and Lawthers, Ann G and Localio, A Russell and Barnes, Benjamin A and Hebert, Liesi and Newhouse, Joseph P and Weiler, Paul C and Hiatt, Howard},
   title = {The nature of adverse events in hospitalized patients: results of the Harvard Medical Practice Study II},
   journal = {New England journal of medicine},
   volume = {324},
   number = {6},
   pages = {377-384},
   ISSN = {0028-4793},
   year = {1991},
   type = {Journal Article}
}

@article{RN403,
   author = {Lecky, F. and Benger, J. and Mason, S. and Cameron, P. and Walsh, C.},
   title = {The International Federation for Emergency Medicine framework for quality and safety in the emergency department},
   journal = {Emerg Med J},
   volume = {31},
   number = {11},
   pages = {926-9},
   ISSN = {1472-0205},
   DOI = {10.1136/emermed-2013-203000},
   url = {http://emj.bmj.com/content/31/11/926.long},
   year = {2014},
   type = {Journal Article}
}

@misc{RN126,
   year = {2010},
   type = {Government Document}
}

@article{RN513,
   author = {Lewis, Porschea and Fagnano, Maria and Koehler, Alana and Halterman, Jill S.},
   title = {Racial Disparities at the Point of Care for Urban Children with Persistent Asthma},
   journal = {Journal of community health},
   volume = {39},
   number = {4},
   pages = {706-711},
   ISSN = {0094-5145
1573-3610},
   DOI = {10.1007/s10900-013-9815-5},
   url = {http://www.ncbi.nlm.nih.gov/pmc/articles/PMC4074435/},
   year = {2014},
   type = {Journal Article}
}

@article{RN63,
   author = {Lichtig, Leo K and Knauf, Robert A and Milholland, D Kathy},
   title = {Some impacts of nursing on acute care hospital outcomes},
   journal = {Journal of Nursing Administration},
   volume = {29},
   number = {2},
   pages = {25-33},
   ISSN = {0002-0443},
   year = {1999},
   type = {Journal Article}
}

@misc{RN67,
   ISBN = {978-0-309-26174-6},
   DOI= {10.17226/9728},
   year = {2000},
   type = {Government Document}
}

@inbook{RN113,
   author = {Littman, Marlyn Kemper},
   title = {Implementing RFID technology in hospital environments},
   booktitle = {Encyclopedia of Healthcare Information Systems},
   publisher = {IGI Global},
   pages = {705-710},
   year = {2008},
   type = {Book Section}
}

@article{RN291,
   author = {Litvak, Eugene and Buerhaus, Peter I. and Davidoff, Frank and Long, Michael C. and McManus, Michael L. and Berwick, Donald M.},
   title = {Managing Unnecessary Variability in Patient Demand to Reduce Nursing Stress and Improve Patient Safety},
   journal = {The Joint Commission Journal on Quality and Patient Safety},
   volume = {31},
   number = {6},
   pages = {330-338},
   ISSN = {1553-7250},
   DOI = {https://doi.org/10.1016/S1553-7250(05)31044-0},
   url = {http://www.sciencedirect.com/science/article/pii/S1553725005310440},
   year = {2005},
   type = {Journal Article}
}

@article{RN654,
   author = {Lorch, S. A.},
   title = {Health Equity and Quality of Care Assessment: A Continuing Challenge},
   journal = {Pediatrics},
   volume = {140},
   number = {3},
   ISSN = {0031-4005},
   DOI = {10.1542/peds.2017-2213},
   url = {http://pediatrics.aappublications.org/content/pediatrics/140/3/e20172213.full.pdf},
   year = {2017},
   type = {Journal Article}
}

@article{RN1X,
   author = {Lowery-North, Douglas W. and Hertzberg, Vicki Stover and Elon, Lisa and Cotsonis, George and Hilton, Sarah A. and Vaughns, Christopher F., II and Hill, Eric and Shrestha, Alok and Jo, Alexandria and Adams, Nathan},
   title = {Measuring Social Contacts in the Emergency Department},
   journal = {PLoS ONE},
   volume = {8},
   number = {8},
   pages = {e70854},
   DOI = {10.1371/journal.pone.0070854},
   url = {http://dx.doi.org/10.1371%2Fjournal.pone.0070854
https://www.ncbi.nlm.nih.gov/pmc/articles/PMC3749132/pdf/pone.0070854.pdf},
   year = {2013},
   type = {Journal Article}
}

@article{RN118,
   author = {Lucero, Robert J and Ji, Haomiao and de Cordova, Pamela B and Stone, Patricia},
   title = {Information technology, nurse staffing, and patient needs},
   journal = {Nursing Economics},
   volume = {29},
   number = {4},
   pages = {189},
   ISSN = {0746-1739},
   year = {2011},
   type = {Journal Article}
}

@article{RN134,
   author = {Luke, Douglas A and Harris, Jenine K},
   title = {Network analysis in public health: history, methods, and applications},
   journal = {Annu. Rev. Public Health},
   volume = {28},
   pages = {69-93},
   ISSN = {0163-7525},
   year = {2007},
   type = {Journal Article}
}

@article{RN256,
   author = {Luscombe, Ruth and Kozan, Erhan},
   title = {Dynamic resource allocation to improve emergency department efficiency in real time},
   journal = {European Journal of Operational Research},
   volume = {255},
   number = {2},
   pages = {593-603},
   ISSN = {0377-2217},
   DOI = {http://dx.doi.org/10.1016/j.ejor.2016.05.039},
   url = {http://www.sciencedirect.com/science/article/pii/S0377221716303769},
   year = {2016},
   type = {Journal Article}
}

@article{RN123,
   author = {Makary, Martin A and Daniel, Michael},
   title = {Medical error—the third leading cause of death in the US},
   journal = {Bmj},
   volume = {353},
   pages = {i2139},
   ISSN = {1756-1833},
   year = {2016},
   type = {Journal Article}
}

@article{RN463,
   author = {Manaseki-Holland, Semira and Lilford, Richard J. and Bishop, Jonathan R. B. and Girling, Alan J. and Chen, Yen-Fu and Chilton, Peter J. and Hofer, Timothy P.},
   title = {Reviewing deaths in British and US hospitals: a study of two scales for assessing preventability},
   journal = {BMJ Quality &amp; Safety},
   volume = {26},
   number = {5},
   pages = {408},
   url = {http://qualitysafety.bmj.com/content/26/5/408.abstract},
   year = {2017},
   type = {Journal Article}
}

@article{RN588,
   author = {Marchand, K. and Palis, H. and Oviedo-Joekes, E.},
   title = {Patient Perceptions of Prejudice and Discrimination by Health Care Providers and its Relationship with Mental Disorders: Results from the 2012 Canadian Community Health-Mental Health Survey Data},
   journal = {Community Ment Health J},
   volume = {52},
   number = {3},
   pages = {294-301},
   ISSN = {1573-2789 (Electronic)
0010-3853 (Linking)},
   DOI = {10.1007/s10597-015-9949-2},
   url = {https://www.ncbi.nlm.nih.gov/pubmed/26410218
https://link.springer.com/article/10.1007%2Fs10597-015-9949-2},
   year = {2016},
   type = {Journal Article}
}

@article{RN338,
   author = {Martin, Anne B. and Hartman, Micah and Washington, Benjamin and Catlin, Aaron and Team, the National Health Expenditure Accounts},
   title = {National Health Spending: Faster Growth In 2015 As Coverage Expands And Utilization Increases},
   journal = {Health Affairs},
   volume = {36},
   number = {1},
   pages = {166-176},
   DOI = {10.1377/hlthaff.2016.1330},
   url = {http://content.healthaffairs.org/content/36/1/166.abstract},
   year = {2017},
   type = {Journal Article}
}

@book{RN725,
   author = {Maslow, A.H.},
   title = {Toward a Psychology of Being},
   publisher = {Start Publishing LLC},
   ISBN = {9781627932745},
   url = {https://books.google.com/books?id=jcKbDAAAQBAJ},
   year = {2013},
   type = {Book}
}

@article{RN586,
   author = {Mathur, V. A. and Kiley, K. B. and Haywood, C., Jr. and Bediako, S. M. and Lanzkron, S. and Carroll, C. P. and Buenaver, L. F. and Pejsa, M. and Edwards, R. R. and Haythornthwaite, J. A. and Campbell, C. M.},
   title = {Multiple Levels of Suffering: Discrimination in Health-Care Settings is Associated With Enhanced Laboratory Pain Sensitivity in Sickle Cell Disease},
   journal = {Clin J Pain},
   volume = {32},
   number = {12},
   pages = {1076-1085},
   ISSN = {1536-5409 (Electronic)
0749-8047 (Linking)},
   DOI = {10.1097/AJP.0000000000000361},
   url = {https://www.ncbi.nlm.nih.gov/pubmed/26889615
https://insights.ovid.com/pubmed?pmid=26889615},
   year = {2016},
   type = {Journal Article}
}

@article{RN626,
   author = {Mathur, Vani A and Richeson, Jennifer A and Paice, Judith A and Muzyka, Michael and Chiao, Joan Y},
   title = {Racial bias in pain perception and response: Experimental examination of automatic and deliberate processes},
   journal = {The journal of pain},
   volume = {15},
   number = {5},
   pages = {476-484},
   ISSN = {1526-5900},
   year = {2014},
   type = {Journal Article}
}

@article{RN578,
   author = {Mays, V. M. and Jones, A. L. and Delany-Brumsey, A. and Coles, C. and Cochran, S. D.},
   title = {Perceived Discrimination in Health Care and Mental Health/Substance Abuse Treatment Among Blacks, Latinos, and Whites},
   journal = {Med Care},
   volume = {55},
   number = {2},
   pages = {173-181},
   ISSN = {1537-1948 (Electronic)
0025-7079 (Linking)},
   DOI = {10.1097/MLR.0000000000000638},
   url = {https://www.ncbi.nlm.nih.gov/pubmed/27753743
https://insights.ovid.com/pubmed?pmid=27753743},
   year = {2017},
   type = {Journal Article}
}

@article{RN493,
   author = {McClelland, Mark Stephen and Jones, Karen and Siegel, Bruce and Pines, Jesse M.},
   title = {A Field Test of Time-Based Emergency Department Quality Measures},
   journal = {Annals of Emergency Medicine},
   volume = {59},
   number = {1},
   pages = {1-10.e2},
   ISSN = {0196-0644},
   DOI = {https://doi.org/10.1016/j.annemergmed.2011.06.013},
   url = {http://www.sciencedirect.com/science/article/pii/S0196064411006779
http://www.annemergmed.com/article/S0196-0644(11)00677-9/pdf},
   year = {2012},
   type = {Journal Article}
}

@techreport{RN159,
   author = {McCulloh, Ian and Carley, Kathleen M},
   title = {Detecting change in longitudinal social networks},
   institution = {DTIC Document},
   year = {2011},
   type = {Report}
}

@article{RN507,
   author = {Meade, C. M. and Kennedy, J. and Kaplan, J.},
   title = {The effects of emergency department staff rounding on patient safety and satisfaction},
   journal = {J Emerg Med},
   volume = {38},
   number = {5},
   pages = {666-74},
   ISSN = {0736-4679 (Print)
0736-4679 (Linking)},
   DOI = {10.1016/j.jemermed.2008.03.042},
   url = {https://www.ncbi.nlm.nih.gov/pubmed/18842381},
   year = {2010},
   type = {Journal Article}
}

@article{RN600,
   author = {Meghani, Salimah H. and Brooks, Jacqueline M. and Gipson-Jones, Trina and Waite, Roberta and Whitfield-Harris, Lisa and Deatrick, Janet A.},
   title = {Patient-provider race-concordance: does it matter in improving minority patients' health outcomes?},
   journal = {Ethnicity & Health},
   volume = {14},
   number = {1},
   pages = {107-130},
   ISSN = {13557858},
   DOI = {10.1080/13557850802227031},
   url = {https://login.proxy.library.emory.edu/login?url=http://search.ebscohost.com/login.aspx?direct=true&db=slh&AN=36114476&site=ehost-live},
   year = {2009},
   type = {Journal Article}
}

@article{RN498,
   author = {Merkouris, A. and Papathanassoglou, E. D. and Lemonidou, C.},
   title = {Evaluation of patient satisfaction with nursing care: quantitative or qualitative approach?},
   journal = {Int J Nurs Stud},
   volume = {41},
   number = {4},
   pages = {355-67},
   ISSN = {0020-7489 (Print)
0020-7489 (Linking)},
   DOI = {10.1016/j.ijnurstu.2003.10.006},
   url = {https://www.ncbi.nlm.nih.gov/pubmed/15050847},
   year = {2004},
   type = {Journal Article}
}

@phdthesis{RN427,
   author = {Meyer, Mark Aaron},
   title = {Use of location data for the surveillance, analysis, and optimization of clinical processes},
   university = {Massachusetts Institute of Technology},
   year = {2006},
   type = {Thesis}
}

@article{RN601,
   author = {Miner, James and Biros, Michelle H. and Trainor, Arleigh and Hubbard, Daniel and Beltram, Maryam},
   title = {Patient and Physician Perceptions as Risk Factors for Oligoanalgesia: A Prospective Observational Study of the Relief of Pain in the Emergency Department},
   journal = {Academic Emergency Medicine},
   volume = {13},
   number = {2},
   pages = {140-146},
   ISSN = {1553-2712},
   DOI = {10.1197/j.aem.2005.08.008},
   url = {http:https://doi.org/10.1197/j.aem.2005.08.008},
   year = {2006},
   type = {Journal Article}
}

@misc{RN356,
   ISBN = {978-0-309-06387-6},
   DOI= {10.17226/6418},
   year = {1999},
   type = {Government Document}
}

@article{RN675,
   author = {Moore, Angelo D and Hamilton, Jill B and Knafl, George J and Godley, PA and Carpenter, William R and Bensen, Jeannette T and Mohler, James L and Mishel, Merle},
   title = {The influence of mistrust, racism, religious participation, and access to care on patient satisfaction for African American men: the North Carolina-Louisiana Prostate Cancer Project},
   journal = {Journal of the National Medical Association},
   volume = {105},
   number = {1},
   pages = {59-68},
   ISSN = {0027-9684},
   year = {2013},
   type = {Journal Article}
}

@misc{RN671,
   month = {October 2017},
   url = {www.hcup-us.ahrq.gov/reports/statbriefs/sb227-Emergency-Department-Visit-Trends.pdf.},
   year = {2017},
   type = {Electronic Article}
}

@article{RN705,
   author = {Moore, Brian J and White, Susan and Washington, Raynard and Coenen, Natalia and Elixhauser, Anne},
   title = {Identifying Increased Risk of Readmission and In-hospital Mortality Using Hospital Administrative Data: The AHRQ Elixhauser Comorbidity Index},
   journal = {Medical Care},
   volume = {55},
   number = {7},
   pages = {698-705},
   ISSN = {0025-7079},
   year = {2017},
   type = {Journal Article}
}

@article{RN351,
   author = {Moore, Spencer and Bockenholt, Ulf and Daniel, Mark and Frohlich, Katherine and Kestens, Yan and Richard, Lucie},
   title = {Social capital and core network ties: a validation study of individual-level social capital measures and their association with extra-and intra-neighborhood ties, and self-rated health},
   journal = {Health & place},
   volume = {17},
   number = {2},
   pages = {536-544},
   ISSN = {1353-8292},
   year = {2011},
   type = {Journal Article}
}

@article{RN453,
   author = {Morganti, Kristy Gonzalez and Bauhoff, Sebastian and Blanchard, Janice C and Abir, Mahshid and Iyer, Neema and Smith, Alexandria and Vesely, Joseph V and Okeke, Edward N and Kellermann, Arthur L},
   title = {The evolving role of emergency departments in the United States},
   journal = {Rand health quarterly},
   volume = {3},
   number = {2},
   year = {2013},
   type = {Journal Article}
}

@article{RN445,
   author = {Moskop, J. C. and Sklar, D. P. and Geiderman, J. M. and Schears, R. M. and Bookman, K. J.},
   title = {Emergency department crowding, part 1--concept, causes, and moral consequences},
   journal = {Ann Emerg Med},
   volume = {53},
   number = {5},
   pages = {605-11},
   ISSN = {1097-6760 (Electronic)
0196-0644 (Linking)},
   DOI = {10.1016/j.annemergmed.2008.09.019},
   url = {https://www.ncbi.nlm.nih.gov/pubmed/19027193},
   year = {2009},
   type = {Journal Article}
}

@article{RN446,
   author = {Moskop, J. C. and Sklar, D. P. and Geiderman, J. M. and Schears, R. M. and Bookman, K. J.},
   title = {Emergency department crowding, part 2--barriers to reform and strategies to overcome them},
   journal = {Ann Emerg Med},
   volume = {53},
   number = {5},
   pages = {612-7},
   ISSN = {1097-6760 (Electronic)
0196-0644 (Linking)},
   DOI = {10.1016/j.annemergmed.2008.09.024},
   url = {https://www.ncbi.nlm.nih.gov/pubmed/19027194},
   year = {2009},
   type = {Journal Article}
}

@inproceedings{RN174,
   author = {Munoz, David A and Alonso, Windy and Nembhard, Harriet Black},
   title = {A social network analysis-based approach to evaluate workflow and quality in a pediatric intensive care unit},
   booktitle = {IIE Annual Conference. Proceedings},
   publisher = {Institute of Industrial Engineers-Publisher},
   pages = {3984},
   type = {Conference Proceedings}
}

@article{RN404,
   author = {Mutter, R. and Clancy, C.},
   title = {Investing in emergency medicine to improve health care for all Americans: the role of the Agency for Healthcare Research and Quality},
   journal = {Ann Emerg Med},
   volume = {63},
   number = {5},
   pages = {580-3},
   ISSN = {0196-0644},
   DOI = {10.1016/j.annemergmed.2013.06.021},
   url = {http://www.annemergmed.com/article/S0196-0644(13)00605-7/pdf},
   year = {2014},
   type = {Journal Article}
}

@inproceedings{RN157,
   author = {Myers, Seth A and Leskovec, Jure},
   title = {Clash of the contagions: Cooperation and competition in information diffusion},
   booktitle = {Data Mining (ICDM), 2012 IEEE 12th International Conference on},
   publisher = {IEEE},
   pages = {539-548},
   ISBN = {1467346497},
   type = {Conference Proceedings}
}

@inproceedings{RN156,
   author = {Myers, Seth A and Zhu, Chenguang and Leskovec, Jure},
   title = {Information diffusion and external influence in networks},
   booktitle = {Proceedings of the 18th ACM SIGKDD international conference on Knowledge discovery and data mining},
   publisher = {ACM},
   pages = {33-41},
   ISBN = {1450314627},
   type = {Conference Proceedings}
}

@article{RN352,
   author = {Neal, Zachary},
   title = {Identifying statistically significant edges in one-mode projections},
   journal = {Social Network Analysis and Mining},
   volume = {3},
   number = {4},
   pages = {915-924},
   ISSN = {1869-5450},
   year = {2013},
   type = {Journal Article}
}

@article{RN460,
   author = {Needleman, Jack},
   title = {Nursing skill mix and patient outcomes},
   journal = {BMJ Quality &amp; Safety},
   volume = {26},
   number = {7},
   pages = {525},
   url = {http://qualitysafety.bmj.com/content/26/7/525.abstract},
   year = {2017},
   type = {Journal Article}
}

@article{RN315,
   author = {Needleman, Jack and Buerhaus, Peter and Mattke, Soeren and Stewart, Maureen and Zelevinsky, Katya},
   title = {Nurse-staffing levels and the quality of care in hospitals},
   journal = {New England Journal of Medicine},
   volume = {346},
   number = {22},
   pages = {1715-1722},
   ISSN = {0028-4793},
   year = {2002},
   type = {Journal Article}
}

@article{RN353,
   author = {Newman, Mark EJ},
   title = {The structure and function of complex networks},
   journal = {SIAM review},
   volume = {45},
   number = {2},
   pages = {167-256},
   ISSN = {0036-1445},
   year = {2003},
   type = {Journal Article}
}

@misc{RN380,
   url = {https://www.cdc.gov/nchs/ahcd/index.htm},
   year = {2010},
   type = {Web Page}
}

@techreport{RN381,
   author = {NHAMCS},
   title = {National Hospital Ambulatory Medical Care Survey: 2010 Emergency Department Summary Tables},
   institution = {National Center for Health Statistics},
   url = {https://www.cdc.gov/nchs/ahcd/index.htm},
   year = {2010},
   type = {Report}
}

@article{RN97,
   author = {Norten, A.},
   title = {Predicting nurses' acceptance of radiofrequency identification technology},
   journal = {Comput Inform Nurs},
   volume = {30},
   number = {10},
   pages = {531-7; quiz 538-9},
   ISSN = {1538-9774 (Electronic)
1538-2931 (Linking)},
   DOI = {10.1097/NXN.0b013e31825e1eef},
   url = {https://www.ncbi.nlm.nih.gov/pubmed/22805120
http://ovidsp.tx.ovid.com/ovftpdfs/FPDDNCJCCGEBLM00/fs047/ovft/live/gv024/00024665/00024665-201210000-00004.pdf},
   year = {2012},
   type = {Journal Article}
}

@article{RN316,
   author = {Nugus, Peter and Forero, Roberto},
   title = {Understanding interdepartmental and organizational work in the emergency department: an ethnographic approach},
   journal = {International Emergency Nursing},
   volume = {19},
   number = {2},
   pages = {69-74},
   ISSN = {1755-599X},
   year = {2011},
   type = {Journal Article}
}

@article{RN410,
   author = {O'Hara, R. and O'Keeffe, C. and Mason, S. and Coster, J. E. and Hutchinson, A.},
   title = {Quality and safety of care provided by emergency care practitioners},
   journal = {Emerg Med J},
   volume = {29},
   number = {4},
   pages = {327-32},
   ISSN = {1472-0205},
   DOI = {10.1136/emj.2010.104190},
   url = {http://emj.bmj.com/content/29/4/327.long},
   year = {2012},
   type = {Journal Article}
}

@article{RN321,
   author = {O’Kane, Margaret and Buto, Kathleen and Alteras, Tanya and Baicker, Katherine and Fifield, Judith and Giffin, Robert and Hansen, Jim and Saunders, Robert},
   title = {Demanding value from our health care: motivating patient action to reduce waste in health care},
   journal = {Washington, DC: Institute of Medicine},
   year = {2012},
   type = {Journal Article}
}

@article{RN121,
   author = {Ohta, Yoshinori and Miki, Izumi and Kimura, Takeshi and Abe, Mitsuru and Sakuma, Mio and Koike, Kaoru and Morimoto, Takeshi},
   title = {Epidemiology of Adverse Events and Medical Errors in the Care of Cardiology Patients},
   journal = {Journal of Patient Safety},
   volume = {Publish Ahead of Print},
   ISSN = {1549-8417},
   url = {http://journals.lww.com/journalpatientsafety/Fulltext/publishahead/Epidemiology_of_Adverse_Events_and_Medical_Errors.99590.aspx},
   year = {2016},
   type = {Journal Article}
}

@inproceedings{RN426,
   author = {Olguin, Daniel Olguin and Gloor, Peter A and Pentland, Alex},
   title = {Wearable sensors for pervasive healthcare management},
   booktitle = {Pervasive Computing Technologies for Healthcare, 2009. PervasiveHealth 2009. 3rd International Conference on},
   publisher = {IEEE},
   pages = {1-4},
   ISBN = {9639799424},
   type = {Conference Proceedings}
}

@article{RN423,
   author = {Olguin, D. Olguin and Waber, B. N. and Kim, T. and Mohan, A. and Ara, K. and Pentland, A.},
   title = {Sensible Organizations: Technology and Methodology for Automatically Measuring Organizational Behavior},
   journal = {IEEE Transactions on Systems, Man, and Cybernetics, Part B (Cybernetics)},
   volume = {39},
   number = {1},
   pages = {43-55},
   ISSN = {1083-4419},
   DOI = {10.1109/TSMCB.2008.2006638},
   year = {2009},
   type = {Journal Article}
}

@inproceedings{RN425,
   author = {Olguın, Daniel Olguın and Gloor, Peter A and Pentland, Alex Sandy},
   title = {Capturing individual and group behavior with wearable sensors},
   booktitle = {Proceedings of the 2009 aaai spring symposium on human behavior modeling, SSS},
   volume = {9},
   type = {Conference Proceedings}
}

@book{RN430,
   author = {Olsen, LeighAnne and Saunders, Robert S and Yong, Pierre L},
   title = {The healthcare imperative: lowering costs and improving outcomes: workshop series summary},
   publisher = {National Academies Press},
   ISBN = {0309186838},
   year = {2010},
   type = {Book}
}

@article{RN703,
   author = {Onnela, Jukka-Pekka and Saramäki, Jari and Hyvönen, Jörkki and Szabó, Gábor and De Menezes, M Argollo and Kaski, Kimmo and Barabási, Albert-László and Kertész, János},
   title = {Analysis of a large-scale weighted network of one-to-one human communication},
   journal = {New journal of physics},
   volume = {9},
   number = {6},
   pages = {179},
   ISSN = {1367-2630},
   year = {2007},
   type = {Journal Article}
}

@article{RN260,
   author = {Onnela, Jukka-Pekka and Waber, Benjamin N and Schnorf, Sebastian and Lazer, David},
   title = {Using sociometers to quantify social interaction patterns},
   journal = {arXiv preprint arXiv:1405.6224},
   year = {2014},
   type = {Journal Article}
}

@article{RN412,
   author = {Osborne, A. D. and Ali, K. and Lowery-North, D. and Capes, J. and Keadey, M. and Franks, N. and Hertzberg, V. and Stroder, R. and Pitts, S. and Wheatley, M. and O'Malley, R. and Leach, G. and Ross, M.},
   title = {Ability of triage decision rules for rapid electrocardiogram to identify patients with suspected ST-elevation myocardial infarction},
   journal = {Crit Pathw Cardiol},
   volume = {11},
   number = {4},
   pages = {211-3},
   ISSN = {1535-2811},
   DOI = {10.1097/HPC.0b013e31826f4e8e},
   year = {2012},
   type = {Journal Article}
}

@techreport{RN331,
   author = {Page, Ann},
   title = {Keeping Patients Safe: Transforming the Work Environment of Nurses},
   institution = {The National Academies Press},
   number = {978-0-309-18736-7},
   DOI = {doi:10.17226/10851},
   url = {https://www.nap.edu/catalog/10851/keeping-patients-safe-transforming-the-work-environment-of-nurses},
   year = {2004},
   type = {Report}
}

@article{RN364,
   author = {Page, Leigh},
   title = {Hospitals tune in to RFID},
   journal = {Materials management in health care.},
   volume = {16},
   number = {5},
   pages = {18-20},
   ISSN = {1059-4531},
   year = {2007},
   type = {Journal Article}
}

@article{RN720,
   author = {Paradies, Yin and Truong, Mandy and Priest, Naomi},
   title = {A systematic review of the extent and measurement of healthcare provider racism},
   journal = {Journal of general internal medicine},
   volume = {29},
   number = {2},
   pages = {364-387},
   ISSN = {0884-8734},
   year = {2014},
   type = {Journal Article}
}

@article{RN595,
   author = {Parker, L. J. and Hunte, H. and Ohmit, A.},
   title = {Discrimination in Health Care: Correlates of Health Care Discrimination Among Black Males},
   journal = {Am J Mens Health},
   volume = {11},
   number = {4},
   pages = {999-1007},
   ISSN = {1557-9891 (Electronic)
1557-9883 (Linking)},
   DOI = {10.1177/1557988315585164},
   url = {https://www.ncbi.nlm.nih.gov/pubmed/25957248
http://journals.sagepub.com/doi/pdf/10.1177/1557988315585164},
   year = {2017},
   type = {Journal Article}
}

@article{RN167,
   author = {Patrician, Patricia A and Shang, Jingjing and Lake, Eileen T},
   title = {Organizational determinants of work outcomes and quality care ratings among Army Medical Department registered nurses},
   journal = {Research in nursing & health},
   volume = {33},
   number = {2},
   pages = {99-110},
   ISSN = {1098-240X},
   year = {2010},
   type = {Journal Article}
}

@article{RN684,
   author = {Patterson, P. D. and Pfeiffer, A. J. and Weaver, M. D. and Krackhardt, D. and Arnold, R. M. and Yealy, D. M. and Lave, J. R.},
   title = {Network analysis of team communication in a busy emergency department},
   journal = {BMC Health Serv Res},
   volume = {13},
   pages = {109},
   ISSN = {1472-6963},
   DOI = {10.1186/1472-6963-13-109},
   url = {http://www.ncbi.nlm.nih.gov/pmc/articles/PMC3637459/pdf/1472-6963-13-109.pdf},
   year = {2013},
   type = {Journal Article}
}

@book{RN515,
   author = {Peng, Roger D},
   title = {R programming for data science},
   publisher = {Lulu. com},
   ISBN = {1365056821},
   year = {2015},
   type = {Book}
}

@article{RN424,
   author = {Pentland, Alex},
   title = {Automatic mapping and modeling of human networks},
   journal = {Physica A: Statistical Mechanics and its Applications},
   volume = {378},
   number = {1},
   pages = {59-67},
   ISSN = {0378-4371},
   DOI = {http://dx.doi.org/10.1016/j.physa.2006.11.046},
   url = {http://www.sciencedirect.com/science/article/pii/S0378437106012660},
   year = {2007},
   type = {Journal Article}
}

@article{RN259,
   author = {Pentland, Alex},
   title = {The new science of building great teams},
   journal = {Harvard Business Review},
   volume = {90},
   number = {4},
   pages = {60-69},
   ISSN = {0017-8012},
   year = {2012},
   type = {Journal Article}
}

@article{RN334,
   author = {Pil, Frits K and MacDuffie, John Paul},
   title = {The adoption of high‐involvement work practices},
   journal = {Industrial Relations: A journal of economy and society},
   volume = {35},
   number = {3},
   pages = {423-455},
   ISSN = {1468-232X},
   year = {1996},
   type = {Journal Article}
}

@article{RN255,
   author = {Plsek, Paul E and Greenhalgh, Trisha},
   title = {The challenge of complexity in health care},
   journal = {BMJ: British Medical Journal},
   volume = {323},
   number = {7313},
   pages = {625},
   ISSN = {0959-8138},
   url = {https://www.ncbi.nlm.nih.gov/pmc/articles/PMC1121189/pdf/625.pdf},
   year = {2001},
   type = {Journal Article}
}

@article{RN275,
   author = {Plsek, Paul E and Wilson, Tim},
   title = {Complexity, leadership, and management in healthcare organisations},
   journal = {BMJ: British Medical Journal},
   volume = {323},
   number = {7315},
   pages = {746},
   ISSN = {0959-8138},
   year = {2001},
   type = {Journal Article}
}

@book{RN264,
   author = {Polit, D.F. and Beck, C.T.},
   title = {Nursing Research: Generating and Assessing Evidence for Nursing Practice},
   publisher = {Lippincott Williams & Wilkins},
   ISBN = {9781496300232},
   url = {https://books.google.com/books?id=O7HRoQEACAAJ},
   year = {2015},
   type = {Book}
}

@article{RN669,
   author = {Profit, Jochen and Gould, Jeffrey B. and Bennett, Mihoko and Goldstein, Benjamin A. and Draper, David and Phibbs, Ciaran S. and Lee, Henry C.},
   title = {Racial/Ethnic Disparity in NICU Quality of Care Delivery},
   journal = {Pediatrics},
   volume = {140},
   year = {2017},
   type = {Journal Article}
}

@article{RN527,
   author = {Putman, Koen and Horn, Susan and Smout, Randall and Dejong, Gerben and Deutscher, Daniel and Tian, Wenqiang and Hsieh, Ching-Hui},
   title = {Racial disparities in stroke functional outcomes upon discharge from inpatient rehabilitation facilities},
   journal = {Disability and Rehabilitation},
   volume = {32},
   number = {19},
   pages = {1604-1611},
   ISSN = {0963-8288},
   DOI = {10.3109/09638281003611078},
   url = {http://dx.doi.org/10.3109/09638281003611078},
   year = {2010},
   type = {Journal Article}
}

@article{RN645,
   author = {Puumala, Susan E and Burgess, Katherine M and Kharbanda, Anupam B and Zook, Heather G and Castille, Dorothy M and Pickner, Wyatt J and Payne, Nathaniel R},
   title = {The role of bias by emergency department providers in care for American Indian children},
   journal = {Medical care},
   volume = {54},
   number = {6},
   pages = {562-569},
   ISSN = {0025-7079},
   year = {2016},
   type = {Journal Article}
}

@article{RN482,
   author = {Pytel, Constance and Fielden, Nina M. and Meyer, Kate H. and Albert, Nancy},
   title = {Nurse-Patient/Visitor Communication in the Emergency Department},
   journal = {Journal of Emergency Nursing},
   volume = {35},
   number = {5},
   pages = {406-411},
   ISSN = {0099-1767},
   DOI = {https://doi.org/10.1016/j.jen.2008.09.002},
   url = {http://www.sciencedirect.com/science/article/pii/S0099176708005114
http://www.jenonline.org/article/S0099-1767(08)00511-4/fulltext},
   year = {2009},
   type = {Journal Article}
}

@article{RN715,
   author = {Quillian, Lincoln and Pager, Devah and Hexel, Ole and Midtbøen, Arnfinn H},
   title = {Meta-analysis of field experiments shows no change in racial discrimination in hiring over time},
   journal = {Proceedings of the National Academy of Sciences},
   volume = {114},
   number = {41},
   pages = {10870-10875},
   ISSN = {0027-8424},
   url = {http://www.pnas.org/content/114/41/10870.full.pdf},
   year = {2017},
   type = {Journal Article}
}

@article{RN340,
   author = {Reason, James},
   title = {Human error},
   journal = {The Western Journal of Medicine},
   volume = {172},
   number = {6},
   pages = {393},
   ISSN = {00930415},
   url = {https://login.proxy.library.emory.edu/login?url=http://search.proquest.com/docview/1782954069?accountid=10747
http://emory-primoprod.hosted.exlibrisgroup.com/openurl/01EMORY/01EMORY_services_page?url_ver=Z39.88-2004&rft_val_fmt=info:ofi/fmt:kev:mtx:journal&genre=article&sid=ProQ:ProQ%3Asciencejournals&atitle=Human+error&title=The+Western+Journal+of+Medicine&issn=00930415&date=2000-06-01&volume=172&issue=6&spage=393&au=Reason%2C+James&isbn=&jtitle=The+Western+Journal+of+Medicine&btitle=&rft_id=info:eric/&rft_id=info:doi/},
   year = {2000},
   type = {Journal Article}
}

@book{RN130,
   author = {Reason, James},
   title = {Managing the risks of organizational accidents},
   publisher = {Routledge},
   ISBN = {1134855354},
   year = {2016},
   type = {Book}
}

@article{RN477,
   author = {Retezar, Rodica and Bessman, Edward and Ding, Ru and Zeger, Scott L. and McCarthy, Melissa L.},
   title = {The Effect of Triage Diagnostic Standing Orders on Emergency Department Treatment Time},
   journal = {Annals of Emergency Medicine},
   volume = {57},
   number = {2},
   pages = {89-99.e2},
   ISSN = {0196-0644},
   DOI = {https://doi.org/10.1016/j.annemergmed.2010.05.016},
   url = {http://www.sciencedirect.com/science/article/pii/S0196064410004865
http://www.annemergmed.com/article/S0196-0644(10)00486-5/pdf},
   year = {2011},
   type = {Journal Article}
}

@article{RN277,
   author = {Rickles, Dean and Hawe, Penelope and Shiell, Alan},
   title = {A simple guide to chaos and complexity},
   journal = {Journal of epidemiology and community health},
   volume = {61},
   number = {11},
   pages = {933-937},
   ISSN = {1470-2738},
   year = {2007},
   type = {Journal Article}
}

@article{RN509,
   author = {Risser, Daniel T. and Rice, Matthew M. and Salisbury, Mary L. and Simon, Robert and Jay, Gregory D. and Berns, Scott D.},
   title = {The Potential for Improved Teamwork to Reduce Medical Errors in the Emergency Department},
   journal = {Annals of Emergency Medicine},
   volume = {34},
   number = {3},
   pages = {373-383},
   year = {1999},
   type = {Journal Article}
}

@article{RN77,
   author = {Roark, Darin C. and Miguel, Karen},
   title = {Bar coding's replacement?},
   journal = {Nursing Management},
   volume = {37},
   number = {2},
   pages = {29-31},
   ISSN = {07446314},
   url = {https://login.proxy.library.emory.edu/login?url=http://search.ebscohost.com/login.aspx?direct=true&db=cmh&AN=20019022&site=chc-live},
   year = {2006},
   type = {Journal Article}
}

@article{RN718,
   author = {Rosenbloom, Julia M and Schonberger, Robert B},
   title = {The outlook of physician histories: J. Marion Sims and ‘The Discovery of Anaesthesia’},
   journal = {Medical humanities},
   volume = {41},
   number = {2},
   pages = {102-106},
   ISSN = {1468-215X},
   year = {2015},
   type = {Journal Article}
}

@article{RN279,
   author = {Rouse, William B},
   title = {Health care as a complex adaptive system: implications for design and management},
   journal = {Bridge-Washington-National Academy of Engineering-},
   volume = {38},
   number = {1},
   pages = {17},
   ISSN = {0737-6278},
   year = {2008},
   type = {Journal Article}
}

@article{RN728,
   author = {Rubio, Doris McGartland and Schoenbaum, Ellie E and Lee, Linda S and Schteingart, David E and Marantz, Paul R and Anderson, Karl E and Platt, Lauren Dewey and Baez, Adriana and Esposito, Karin},
   title = {Defining translational research: implications for training},
   journal = {Academic medicine: journal of the Association of American Medical Colleges},
   volume = {85},
   number = {3},
   pages = {470},
   year = {2010},
   type = {Journal Article}
}

@misc{RN379,
   url = {http://www.cdc.gov/nchs.htm},
   year = {2013},
   type = {Web Page}
}

@article{RN354,
   author = {Salancik, G. R.},
   title = {Structural Holes - the Social-Structure of Competition - Burt,Rs},
   journal = {Administrative Science Quarterly},
   volume = {40},
   number = {2},
   pages = {345-349},
   ISSN = {0001-8392},
   year = {1995},
   type = {Journal Article}
}

@article{RN701,
   author = {Salathé, Marcel and Kazandjieva, Maria and Lee, Jung Woo and Levis, Philip and Feldman, Marcus W and Jones, James H},
   title = {A high-resolution human contact network for infectious disease transmission},
   journal = {Proceedings of the National Academy of Sciences},
   volume = {107},
   number = {51},
   pages = {22020-22025},
   ISSN = {0027-8424},
   year = {2010},
   type = {Journal Article}
}

@article{RN724,
   author = {Sandelowski, Margarete},
   title = {Sample size in qualitative research},
   journal = {Research in nursing & health},
   volume = {18},
   number = {2},
   pages = {179-183},
   ISSN = {1098-240X},
   year = {1995},
   type = {Journal Article}
}

@article{RN713,
   author = {Sanders, Bernie},
   title = {An agenda to fight inequality},
   journal = {The Lancet},
   volume = {389},
   number = {10077},
   pages = {1376-1377},
   ISSN = {01406736},
   DOI = {10.1016/s0140-6736(17)30882-6},
   year = {2017},
   type = {Journal Article}
}

@book{RN330,
   author = {Saunders, L. and Blundstone, S.R.},
   title = {The Railway Engineer},
   url = {https://books.google.com/books?id=nBbnAAAAMAAJ},
   year = {1921},
   type = {Book}
}

@article{RN386,
   author = {Schaefer, H. G. and Helmreich, R. L. and Scheidegger, D.},
   title = {Human factors and safety in emergency medicine},
   journal = {Resuscitation},
   volume = {28},
   number = {3},
   pages = {221-225},
   ISSN = {0300-9572},
   DOI = {http://dx.doi.org/10.1016/0300-9572(94)90067-1},
   url = {http://www.sciencedirect.com/science/article/pii/0300957294900671},
   year = {1994},
   type = {Journal Article}
}

@article{RN387,
   author = {Schenkel, Stephen},
   title = {Promoting Patient Safety and Preventing Medical Error in Emergency Departments},
   journal = {Academic Emergency Medicine},
   volume = {7},
   number = {11},
   pages = {1204-1222},
   ISSN = {1553-2712},
   DOI = {10.1111/j.1553-2712.2000.tb00466.x},
   url = {http:https://dx.doi.org/10.1111/j.1553-2712.2000.tb00466.x},
   year = {2000},
   type = {Journal Article}
}

@book{RN332,
   author = {Schmieding, N.J.},
   title = {Ida Jean Orlando: A Nursing Process Theory},
   publisher = {SAGE Publications},
   ISBN = {9780803949089},
   url = {https://books.google.com/books?id=sjFtAAAAMAAJ},
   year = {1993},
   type = {Book}
}

@article{RN510,
   author = {Schneider, Sandra M. and Gardner, Angela F. and Weiss, Larry D. and Wood, Joseph P. and Ybarra, Michael and Beck, Dennis M. and Stauffer, Arlen R. and Wilkerson, Dean and Brabson, Thomas and Jennings, Anthony and Mitchell, Mark and McGrath, Roland B. and Christopher, Theodore A. and King, Brent and Muelleman, Robert L. and Wagner, Mary J. and Char, Douglas M. and McGee, Douglas L. and Pilgrim, Randy L. and Moskovitz, Joshua B. and Zinkel, Andrew R. and Byers, Michele and Briggs, William T. and Hobgood, Cherri D. and Kupas, Douglas F. and Kruger, Jennifer and Stratford, Cary J. and Jouriles, Nicholas},
   title = {The Future of Emergency Medicine},
   journal = {Annals of Emergency Medicine},
   volume = {56},
   number = {2},
   pages = {178-183},
   ISSN = {0196-0644},
   DOI = {http://dx.doi.org/10.1016/j.annemergmed.2010.04.011},
   url = {http://www.sciencedirect.com/science/article/pii/S019606441000377X},
   year = {2010},
   type = {Journal Article}
}

@article{RN672,
   author = {Schoenthaler, Antoinette and Montague, Enid and Baier Manwell, Linda and Brown, Roger and Schwartz, Mark D. and Linzer, Mark},
   title = {Patient–physician racial/ethnic concordance and blood pressure control: the role of trust and medication adherence},
   journal = {Ethnicity & Health},
   volume = {19},
   number = {5},
   pages = {565-578},
   ISSN = {13557858},
   DOI = {10.1080/13557858.2013.857764},
   url = {https://login.proxy.library.emory.edu/login?url=http://search.ebscohost.com/login.aspx?direct=true&db=slh&AN=96869158&site=ehost-live&scope=site},
   year = {2014},
   type = {Journal Article}
}

@article{RN249,
   author = {Scott, Belinda Mitchell and Considine, Julie and Botti, Mari},
   title = {Medication errors in ED: Do patient characteristics and the environment influence the nature and frequency of medication errors?},
   journal = {Australasian Emergency Nursing Journal},
   volume = {17},
   number = {4},
   pages = {167-175},
   ISSN = {1574-6267},
   DOI = {http://dx.doi.org/10.1016/j.aenj.2014.07.004},
   url = {http://www.sciencedirect.com/science/article/pii/S1574626714000792},
   year = {2014},
   type = {Journal Article}
}

@article{RN250,
   author = {Scott, Belinda Mitchell and Considine, Julie and Botti, Mari},
   title = {Unreported clinical deterioration in emergency department patients: A point prevalence study},
   journal = {Australasian Emergency Nursing Journal},
   volume = {18},
   number = {1},
   pages = {33-41},
   ISSN = {1574-6267},
   DOI = {http://dx.doi.org/10.1016/j.aenj.2014.09.002},
   url = {http://www.sciencedirect.com/science/article/pii/S1574626714000834},
   year = {2015},
   type = {Journal Article}
}

@article{RN655,
   author = {Scott, M. and Rawal, S.},
   title = {The Promise of Equity: A Review of Health Equity Research in High-Impact Quality Improvement Journals},
   journal = {Am J Med Qual},
   pages = {1062860617726854},
   ISSN = {1062-8606},
   DOI = {10.1177/1062860617726854},
   url = {http://journals.sagepub.com/doi/10.1177/1062860617726854},
   year = {2017},
   type = {Journal Article}
}

@article{RN182,
   author = {Serr Roszell, Sheila},
   title = {Chaos in the clinic!},
   journal = {Nursing Management},
   volume = {45},
   number = {1},
   pages = {30-37},
   ISSN = {0744-6314},
   DOI = {10.1097/01.NUMA.0000440631.41142.2f},
   url = {https://login.proxy.library.emory.edu/login?url=https://search.ebscohost.com/login.aspx?direct=true&db=cin20&AN=107928503&site=ehost-live
http://ovidsp.tx.ovid.com/ovftpdfs/FPDDNCLBCCPAAJ00/fs046/ovft/live/gv023/00006247/00006247-201401000-00008.pdf},
   year = {2014},
   type = {Journal Article}
}

@article{RN444,
   author = {Shafi, S. and Gentilello, L. M.},
   title = {Ethnic disparities in initial management of trauma patients in a nationwide sample of emergency department visits},
   journal = {Archives of Surgery},
   volume = {143},
   number = {11},
   pages = {1057-1061},
   ISSN = {0004-0010},
   DOI = {10.1001/archsurg.143.11.1057},
   url = {http://dx.doi.org/10.1001/archsurg.143.11.1057},
   year = {2008},
   type = {Journal Article}
}

@article{RN282,
   author = {Sharp, Lawrence F and Priesmeyer, H Richard},
   title = {Tutorial: Chaos Theory-A Primer for Health Care},
   journal = {Quality management in healthcare},
   volume = {3},
   number = {4},
   pages = {71},
   ISSN = {1063-8628},
   year = {1995},
   type = {Journal Article}
}

@article{RN516,
   author = {Shavers, V. L. and Fagan, P. and Jones, D. and Klein, W. M. and Boyington, J. and Moten, C. and Rorie, E.},
   title = {The state of research on racial/ethnic discrimination in the receipt of health care},
   journal = {Am J Public Health},
   volume = {102},
   number = {5},
   pages = {953-66},
   ISSN = {0090-0036},
   DOI = {10.2105/ajph.2012.300773},
   url = {https://www.ncbi.nlm.nih.gov/pmc/articles/PMC3347711/pdf/AJPH.2012.300773.pdf},
   year = {2012},
   type = {Journal Article}
}

@article{RN280,
   author = {Shortell, Stephen M},
   title = {Increasing value: a research agenda for addressing the managerial and organizational challenges facing health care delivery in the United States},
   journal = {Medical Care Research and Review},
   volume = {61},
   number = {3 suppl},
   pages = {12S-30S},
   ISSN = {1077-5587},
   year = {2004},
   type = {Journal Article}
}

@article{RN661,
   author = {Siegel, B. and Sears, V. and Bretsch, J. K. and Wilson, M. and Jones, K. C. and Mead, H. and Hasnain-Wynia, R. and Ayala, R. K. and Bhalla, R. and Cornue, C. M. and Emrich, C. M. and Patel, P. and Setzer, J. R. and Suitonu, J. and Velazquez, E. J. and Eagle, K. A. and Winniford, M. D.},
   title = {A quality improvement framework for equity in cardiovascular care: results of a national collaborative},
   journal = {J Healthc Qual},
   volume = {34},
   number = {2},
   pages = {32-42; quiz 42-3},
   ISSN = {1062-2551},
   DOI = {10.1111/j.1945-1474.2011.00196.x},
   url = {http://onlinelibrary.wiley.com/store/10.1111/j.1945-1474.2011.00196.x/asset/jhq196.pdf?v=1&t=j8ylvjfw&s=38d22dd0e5d9367f9cff3acd7589e76ff4216169},
   year = {2012},
   type = {Journal Article}
}

@techreport{RN615,
   author = {Smedley, Brian D. and Stith, Adrienne Y. and Nelson, Alan R.},
   title = {Unequal Treatment: Confronting Racial and Ethnic Disparities in Health Care (with CD)},
   institution = {The National Academies Press},
   DOI = {doi:10.17226/12875},
   year = {2003},
   type = {Report}
}

@article{RN158,
   author = {Smith, Rachel A and Fink, Edward L},
   title = {Understanding the influential people and social structures shaping compliance},
   journal = {Journal of Social Structure},
   volume = {16},
   pages = {1},
   ISSN = {1529-1227},
   year = {2015},
   type = {Journal Article}
}

@article{RN406,
   author = {Smith-Coggins, R. and Broderick, K. B. and Marco, C. A.},
   title = {Night shifts in emergency medicine: the american board of emergency medicine longitudinal study of emergency physicians},
   journal = {J Emerg Med},
   volume = {47},
   number = {3},
   pages = {372-8},
   ISSN = {0736-4679 (Print)
0736-4679},
   DOI = {10.1016/j.jemermed.2014.04.020},
   url = {http://www.jem-journal.com/article/S0736-4679(14)00377-1/fulltext},
   year = {2014},
   type = {Journal Article}
}

@article{RN612,
   author = {Snijders, Tom AB},
   title = {Models for longitudinal network data},
   journal = {Models and methods in social network analysis},
   volume = {1},
   pages = {215-247},
   year = {2005},
   type = {Journal Article}
}

@article{RN73,
   author = {Song, Kieun and Hwang, Sunjin and Kim, Yunsik and Kwak, Youngsik},
   title = {The effects of social network properties on the acceleration of fashion information on the web},
   journal = {Multimedia Tools and Applications},
   volume = {64},
   number = {2},
   pages = {455-474},
   ISSN = {1380-7501},
   url = {http://download.springer.com.proxy.library.emory.edu/static/pdf/291/art%253A10.1007%252Fs11042-012-1068-2.pdf?auth66=1406166369_72afe74224d2b4bfe32fd2d26db4afce&ext=.pdf},
   year = {2013},
   type = {Journal Article}
}

@article{RN618,
   author = {Sonnenfeld, Nancy and Pitts, Stephen R and Schappert, Susan M and Decker, Sandra L},
   title = {Emergency department volume and racial and ethnic differences in waiting times in the United States},
   journal = {Medical care},
   volume = {50},
   number = {4},
   pages = {335-341},
   ISSN = {0025-7079},
   year = {2012},
   type = {Journal Article}
}

@article{RN496,
   author = {Soremekun, O. A. and Takayesu, J. K. and Bohan, S. J.},
   title = {Framework for analyzing wait times and other factors that impact patient satisfaction in the emergency department},
   journal = {J Emerg Med},
   volume = {41},
   number = {6},
   pages = {686-92},
   ISSN = {0736-4679 (Print)
0736-4679 (Linking)},
   DOI = {10.1016/j.jemermed.2011.01.018},
   url = {https://www.ncbi.nlm.nih.gov/pubmed/21440402},
   year = {2011},
   type = {Journal Article}
}

@article{RN676,
   author = {Sorkin, Dara H and Ngo-Metzger, Quyen and De Alba, Israel},
   title = {Racial/ethnic discrimination in health care: impact on perceived quality of care},
   journal = {Journal of General Internal Medicine},
   volume = {25},
   number = {5},
   pages = {390-396},
   ISSN = {0884-8734},
   year = {2010},
   type = {Journal Article}
}

@article{RN606,
   author = {Spettel, Sara and White, Mark Donald},
   title = {The Portrayal of J. Marion Sims' Controversial Surgical Legacy},
   journal = {The Journal of Urology},
   volume = {185},
   number = {6},
   pages = {2424-2427},
   ISSN = {0022-5347},
   DOI = {http://dx.doi.org/10.1016/j.juro.2011.01.077},
   url = {http://www.sciencedirect.com/science/article/pii/S0022534711002278},
   year = {2011},
   type = {Journal Article}
}

@article{RN632,
   author = {Staton, Lisa J and Panda, Mukta and Chen, Ian and Genao, Inginia and Kurz, James and Pasanen, Mark and Mechaber, Alex J and Menon, Madhusudan and O'Rorke, Jane and Wood, JoAnn},
   title = {When race matters: disagreement in pain perception between patients and their physicians in primary care},
   journal = {Journal of the National Medical Association},
   volume = {99},
   number = {5},
   pages = {532},
   year = {2007},
   type = {Journal Article}
}

@article{RN702,
   author = {Stehlé, Juliette and Voirin, Nicolas and Barrat, Alain and Cattuto, Ciro and Isella, Lorenzo and Pinton, Jean-François and Quaggiotto, Marco and Van den Broeck, Wouter and Régis, Corinne and Lina, Bruno},
   title = {High-resolution measurements of face-to-face contact patterns in a primary school},
   journal = {PloS one},
   volume = {6},
   number = {8},
   pages = {e23176},
   ISSN = {1932-6203},
   year = {2011},
   type = {Journal Article}
}

@article{RN577,
   author = {Stepanikova, I. and Oates, G. R.},
   title = {Dimensions of Racial Identity and Perceived Discrimination in Health Care},
   journal = {Ethn Dis},
   volume = {26},
   number = {4},
   pages = {501-512},
   ISSN = {1049-510X (Print)
1049-510X (Linking)},
   DOI = {10.18865/ed.26.4.501},
   url = {https://www.ncbi.nlm.nih.gov/pubmed/27773977
https://www.ncbi.nlm.nih.gov/pmc/articles/PMC5072479/pdf/ethndis-26-501.pdf},
   year = {2016},
   type = {Journal Article}
}

@article{RN576,
   author = {Stepanikova, I. and Oates, G. R.},
   title = {Perceived Discrimination and Privilege in Health Care: The Role of Socioeconomic Status and Race},
   journal = {Am J Prev Med},
   volume = {52},
   number = {1S1},
   pages = {S86-S94},
   ISSN = {1873-2607 (Electronic)
0749-3797 (Linking)},
   DOI = {10.1016/j.amepre.2016.09.024},
   url = {https://www.ncbi.nlm.nih.gov/pubmed/27989297},
   year = {2017},
   type = {Journal Article}
}

@misc{RN359,
   ISBN = {978-0-309-38031-7},
   DOI= {10.17226/21838},
   url = {https://www.nap.edu/catalog/21838/assessing-progress-on-the-institute-of-medicine-report-the-future-of-nursing},
   year = {2016},
   type = {Government Document}
}

@article{RN518,
   author = {Sue, S. and Dhindsa, M. K.},
   title = {Ethnic and racial health disparities research: issues and problems},
   journal = {Health Educ Behav},
   volume = {33},
   number = {4},
   pages = {459-69},
   ISSN = {1090-1981 (Print)
1090-1981},
   DOI = {10.1177/1090198106287922},
   url = {http://journals.sagepub.com/doi/abs/10.1177/1090198106287922?url_ver=Z39.88-2003&rfr_id=ori:rid:crossref.org&rfr_dat=cr_pub%3dpubmed},
   year = {2006},
   type = {Journal Article}
}

@article{RN503,
   author = {Sun, B. C. and Hsia, R. Y. and Weiss, R. E. and Zingmond, D. and Liang, L. J. and Han, W. and McCreath, H. and Asch, S. M.},
   title = {Effect of emergency department crowding on outcomes of admitted patients},
   journal = {Ann Emerg Med},
   volume = {61},
   number = {6},
   pages = {605-611 e6},
   ISSN = {1097-6760 (Electronic)
0196-0644 (Linking)},
   DOI = {10.1016/j.annemergmed.2012.10.026},
   url = {https://www.ncbi.nlm.nih.gov/pubmed/23218508},
   year = {2013},
   type = {Journal Article}
}

@article{RN168,
   author = {Swiger, Pauline A. and Vance, David E. and Patrician, Patricia A.},
   title = {Nursing workload in the acute-care setting: A concept analysis of nursing workload},
   journal = {Nursing Outlook},
   volume = {64},
   number = {3},
   pages = {244-254},
   ISSN = {0029-6554},
   DOI = {10.1016/j.outlook.2016.01.003},
   url = {http://dx.doi.org/10.1016/j.outlook.2016.01.003},
   year = {2016},
   type = {Journal Article}
}

@article{RN591,
   author = {Tajeu, G. S. and Cherrington, A. L. and Andreae, L. and Prince, C. and Holt, C. L. and Halanych, J. H.},
   title = {"We'll Get to You When We Get to You": Exploring Potential Contributions of Health Care Staff Behaviors to Patient Perceptions of Discrimination and Satisfaction},
   journal = {Am J Public Health},
   volume = {105},
   number = {10},
   pages = {2076-82},
   ISSN = {1541-0048 (Electronic)
0090-0036 (Linking)},
   DOI = {10.2105/AJPH.2015.302721},
   url = {https://www.ncbi.nlm.nih.gov/pubmed/26270291
https://www.ncbi.nlm.nih.gov/pmc/articles/PMC4566534/pdf/AJPH.2015.302721.pdf},
   year = {2015},
   type = {Journal Article}
}

@article{RN251,
   author = {Tanabe, Paula and Gimbel, Rick and Yarnold, Paul R. and Adams, James G.},
   title = {The Emergency Severity Index (version 3) 5-Level Triage System Scores Predict ED Resource Consumption},
   journal = {Journal of Emergency Nursing},
   volume = {30},
   number = {1},
   pages = {22-29},
   ISSN = {0099-1767},
   DOI = {http://dx.doi.org/10.1016/j.jen.2003.11.004},
   url = {http://www.sciencedirect.com/science/article/pii/S0099176703005786},
   year = {2004},
   type = {Journal Article}
}

@article{RN420,
   author = {Tanabe, Paula and Gimbel, Rick and Yarnold, Paul R. and Kyriacou, Demetrios N. and Adams, James G.},
   title = {Reliability and Validity of Scores on the Emergency Severity Index Version 3},
   journal = {Academic Emergency Medicine},
   volume = {11},
   number = {1},
   pages = {59-65},
   ISSN = {1553-2712},
   DOI = {10.1197/j.aem.2003.06.013},
   url = {http:https://doi.org/10.1197/j.aem.2003.06.013},
   year = {2004},
   type = {Journal Article}
}

@article{RN665,
   author = {Tanabe, P. and Hasnain-Wynia, R.},
   title = {Promoting equity: developing quality measures for sickle cell disease},
   journal = {Am J Med Qual},
   volume = {27},
   number = {1},
   pages = {80-2},
   ISSN = {1062-8606},
   DOI = {10.1177/1062860611412176},
   url = {http://journals.sagepub.com/doi/abs/10.1177/1062860611412176?url_ver=Z39.88-2003&rfr_id=ori:rid:crossref.org&rfr_dat=cr_pub%3dpubmed},
   year = {2012},
   type = {Journal Article}
}

@article{RN377,
   author = {Tang, N. and Stein, J. and Hsia, R. Y. and Maselli, J. H. and Gonzales, R.},
   title = {Trends and characteristics of us emergency department visits, 1997-2007},
   journal = {JAMA},
   volume = {304},
   number = {6},
   pages = {664-670},
   ISSN = {0098-7484},
   DOI = {10.1001/jama.2010.1112},
   url = {http://dx.doi.org/10.1001/jama.2010.1112},
   year = {2010},
   type = {Journal Article}
}

@article{RN270,
   author = {Tasselli, Stefano},
   title = {Social Networks of Professionals in Health Care Organizations},
   journal = {Medical Care Research and Review},
   volume = {71},
   number = {6},
   pages = {619-660},
   ISSN = {1077-5587},
   DOI = {10.1177/1077558714557079},
   url = {http://journals.sagepub.com/doi/abs/10.1177/1077558714557079},
   year = {2014},
   type = {Journal Article}
}

@misc{RN326,
   ISBN = {0025-5769},
   year = {1911},
   type = {Generic}
}

@article{RN495,
   author = {Thompson, David A. and Yarnold, Paul R. and Williams, Diana R. and Adams, Stephen L.},
   title = {Effects of Actual Waiting Time, Perceived Waiting Time, Information Delivery, and Expressive Quality on Patient Satisfaction in the Emergency Department},
   journal = {Annals of Emergency Medicine},
   volume = {28},
   number = {6},
   pages = {657-665},
   year = {1996},
   type = {Journal Article}
}

@article{RN611,
   author = {Todd, Knox H and Lee, Tony and Hoffman, Jerome R},
   title = {The effect of ethnicity on physician estimates of pain severity in patients with isolated extremity trauma},
   journal = {Jama},
   volume = {271},
   number = {12},
   pages = {925-928},
   ISSN = {0098-7484},
   year = {1994},
   type = {Journal Article}
}

@article{RN707,
   author = {Todd, Knox H and Samaroo, Nigel and Hoffman, Jerome R},
   title = {Ethnicity as a risk factor for inadequate emergency department analgesia},
   journal = {Jama},
   volume = {269},
   number = {12},
   pages = {1537-1539},
   ISSN = {0098-7484},
   year = {1993},
   type = {Journal Article}
}

@article{RN497,
   author = {Toma, G. and Triner, W. and McNutt, L. A.},
   title = {Patient satisfaction as a function of emergency department previsit expectations},
   journal = {Ann Emerg Med},
   volume = {54},
   number = {3},
   pages = {360-367 e6},
   ISSN = {1097-6760 (Electronic)
0196-0644 (Linking)},
   DOI = {10.1016/j.annemergmed.2009.01.024},
   url = {https://www.ncbi.nlm.nih.gov/pubmed/19282060},
   year = {2009},
   type = {Journal Article}
}

@article{RN155,
   author = {Torrents, Jordi and Ferraro, Fabrizio},
   title = {Structural Cohesion: Visualization and Heuristics for Fast Computation},
   journal = {arXiv preprint arXiv:1503.04476},
   year = {2015},
   type = {Journal Article}
}

@article{RN74,
   author = {Totterdell, P. and Wall, T. and Holman, D. and Diamond, H. and Epitropaki, O.},
   title = {Affect networks: A structural analysis of the relationship between work ties and job-related affect},
   journal = {Journal of Applied Psychology},
   volume = {89},
   number = {5},
   pages = {854-867},
   ISSN = {0021-9010},
   url = {http://psycnet.apa.org/journals/apl/89/5/854/},
   year = {2004},
   type = {Journal Article}
}

@article{RN659,
   author = {Trivedi, A. N. and Nsa, W. and Hausmann, L. R. and Lee, J. S. and Ma, A. and Bratzler, D. W. and Mor, M. K. and Baus, K. and Larbi, F. and Fine, M. J.},
   title = {Quality and equity of care in U.S. hospitals},
   journal = {N Engl J Med},
   volume = {371},
   number = {24},
   pages = {2298-308},
   ISSN = {0028-4793},
   DOI = {10.1056/NEJMsa1405003},
   url = {http://www.nejm.org/doi/pdf/10.1056/NEJMsa1405003},
   year = {2014},
   type = {Journal Article}
}

@article{RN440,
   author = {Trzeciak, Stephen and Rivers, EP},
   title = {Emergency department overcrowding in the United States: an emerging threat to patient safety and public health},
   journal = {Emergency medicine journal},
   volume = {20},
   number = {5},
   pages = {402-405},
   ISSN = {1472-0213},
   year = {2003},
   type = {Journal Article}
}

@article{RN634,
   author = {Tsai, Chu-Lin and Sullivan, Ashley F and Gordon, James A and Kaushal, Rainu and Magid, David J and Blumenthal, David and Camargo, Carlos A},
   title = {Racial/ethnic differences in emergency care for joint dislocation in 53 US EDs},
   journal = {The American journal of emergency medicine},
   volume = {30},
   number = {9},
   pages = {1970-1980},
   ISSN = {0735-6757},
   year = {2012},
   type = {Journal Article}
}

@inproceedings{RN267,
   author = {Tsay, Li-Shiang and Williamson, Avery and Im, Seunghyun},
   title = {Framework to build an intelligent RFID system for use in the healthcare industry},
   booktitle = {Technologies and Applications of Artificial Intelligence (TAAI), 2012 Conference on},
   publisher = {IEEE},
   pages = {109-112},
   ISBN = {1467349763},
   type = {Conference Proceedings}
}

@article{RN75,
   author = {Uddin, Shahadat and Hossain, Liaquat and Hamra, Jafar and Alam, Ashraful},
   title = {A study of physician collaborations through social network and exponential random graph},
   journal = {Bmc Infectious Diseases},
   volume = {13},
   ISSN = {1471-2334},
   year = {2013},
   type = {Journal Article}
}

@article{RN686,
   author = {Uddin, S. and Hossain, L. and Hamra, J. and Alam, A.},
   title = {A study of physician collaborations through social network and exponential random graph},
   journal = {BMC Health Serv Res},
   volume = {13},
   pages = {234},
   ISSN = {1472-6963},
   DOI = {10.1186/1472-6963-13-234},
   url = {http://www.ncbi.nlm.nih.gov/pmc/articles/PMC3695881/pdf/1472-6963-13-234.pdf},
   year = {2013},
   type = {Journal Article}
}

@article{RN52,
   author = {Unertl, Kim M and Novak, Laurie L and Johnson, Kevin B and Lorenzi, Nancy M},
   title = {Traversing the many paths of workflow research: developing a conceptual framework of workflow terminology through a systematic literature review},
   journal = {Journal of the American Medical Informatics Association},
   volume = {17},
   number = {3},
   pages = {265-273},
   ISSN = {1067-5027},
   year = {2010},
   type = {Journal Article}
}

@article{RN472,
   author = {Urden, Linda D. and Roode, Jeanne L.},
   title = {Work sampling: a decision-making tool for determining resources and work redesign},
   journal = {Journal of nursing administration.},
   volume = {27},
   number = {9},
   pages = {34},
   ISSN = {0002-0443},
   year = {1997},
   type = {Journal Article}
}

@book{RN362,
   author = {Valente, T.W.},
   title = {Social Networks and Health: Models, Methods, and Applications},
   publisher = {Oxford University Press},
   ISBN = {9780199719723},
   url = {https://books.google.com/books?id=xnMzd1-7iGgC},
   year = {2010},
   type = {Book}
}

@article{RN50,
   author = {Vankipuram, Mithra and Kahol, Kanav and Cohen, Trevor and Patel, Vimla L.},
   title = {Toward automated workflow analysis and visualization in clinical environments},
   journal = {Journal of Biomedical Informatics},
   volume = {44},
   number = {3},
   pages = {432-440},
   ISSN = {1532-0464},
   DOI = {http://dx.doi.org/10.1016/j.jbi.2010.05.015},
   url = {http://www.sciencedirect.com/science/article/pii/S1532046410000845},
   year = {2011},
   type = {Journal Article}
}

@article{RN54,
   author = {Vardaman, James M and Cornell, Paul T and Clancy, Thomas R},
   title = {Complexity and change in nurse workflows},
   journal = {Journal of Nursing Administration},
   volume = {42},
   number = {2},
   pages = {78-82},
   ISSN = {0002-0443},
   year = {2012},
   type = {Journal Article}
}

@article{RN336,
   author = {Warner, Leah S. Honigman and Pines, Jesse M. and Chambers, Jennifer Gibson and Schuur, Jeremiah D.},
   title = {The Most Crowded US Hospital Emergency Departments Did Not Adopt Effective Interventions To Improve Flow, 2007–10},
   journal = {Health Affairs},
   volume = {34},
   number = {12},
   pages = {2151-2159},
   DOI = {10.1377/hlthaff.2015.0603},
   url = {http://content.healthaffairs.org/content/34/12/2151.abstract},
   year = {2015},
   type = {Journal Article}
}

@book{RN355,
   author = {Wasserman, Stanley},
   title = {Social network analysis: Methods and applications},
   publisher = {Cambridge university press},
   volume = {8},
   ISBN = {0521387078},
   year = {1994},
   type = {Book}
}

@article{RN367,
   author = {Watson, Wayne T. and Marshall, Elaine S. and Fosbinder, Donna},
   title = {Elderly patients' perceptions of care in the emergency department},
   journal = {Journal of Emergency Nursing},
   volume = {25},
   number = {2},
   pages = {88-92},
   ISSN = {0099-1767},
   DOI = {http://dx.doi.org/10.1016/S0099-1767(99)70152-2},
   url = {http://www.sciencedirect.com/science/article/pii/S0099176799701522},
   year = {1999},
   type = {Journal Article}
}

@article{RN388,
   author = {Wears, Robert L. and Leape, Lucian L.},
   title = {Human Error in Emergency Medicine},
   journal = {Annals of Emergency Medicine},
   volume = {34},
   number = {3},
   pages = {370-372},
   ISSN = {0196-0644},
   DOI = {http://dx.doi.org/10.1016/S0196-0644(99)70133-2},
   url = {http://www.sciencedirect.com/science/article/pii/S0196064499701332},
   year = {1999},
   type = {Journal Article}
}

@article{RN468,
   author = {Weichenthal, L. and Hendey, G. W.},
   title = {The effect of mandatory nurse ratios on patient care in an emergency department},
   journal = {J Emerg Med},
   volume = {40},
   number = {1},
   pages = {76-81},
   ISSN = {0736-4679 (Print)
0736-4679 (Linking)},
   DOI = {10.1016/j.jemermed.2009.02.037},
   year = {2011},
   type = {Journal Article}
}

@article{RN500,
   author = {Weigand, L.},
   title = {Customer service: the nursing bundle},
   journal = {J Emerg Nurs},
   volume = {39},
   number = {5},
   pages = {454-5},
   ISSN = {1527-2966 (Electronic)
0099-1767 (Linking)},
   DOI = {10.1016/j.jen.2012.03.004},
   url = {https://www.ncbi.nlm.nih.gov/pubmed/22632851},
   year = {2013},
   type = {Journal Article}
}

@article{RN147,
   author = {Westaby, J. D. and Pfaff, D. L. and Redding, N.},
   title = {Psychology and Social Networks A Dynamic Network Theory Perspective},
   journal = {American Psychologist},
   volume = {69},
   number = {3},
   pages = {269-284},
   ISSN = {0003-066X},
   year = {2014},
   type = {Journal Article}
}

@article{RN519,
   author = {Wheeler, S. M. and Bryant, A. S.},
   title = {Racial and Ethnic Disparities in Health and Health Care},
   journal = {Obstet Gynecol Clin North Am},
   volume = {44},
   number = {1},
   pages = {1-11},
   ISSN = {0889-8545},
   DOI = {10.1016/j.ogc.2016.10.001},
   url = {http://www.obgyn.theclinics.com/article/S0889-8545(16)30080-8/fulltext},
   year = {2017},
   type = {Journal Article}
}

@article{RN616,
   author = {White, Kellee and Haas, Jennifer S. and Williams, David R.},
   title = {Elucidating the Role of Place in Health Care Disparities: The Example of Racial/Ethnic Residential Segregation},
   journal = {Health Services Research},
   volume = {47},
   number = {3pt2},
   pages = {1278-1299},
   ISSN = {1475-6773},
   DOI = {10.1111/j.1475-6773.2012.01410.x},
   url = {http:https://doi.org/10.1111/j.1475-6773.2012.01410.x},
   year = {2012},
   type = {Journal Article}
}

@article{RN262,
   author = {Whittemore, Robin and Knafl, Kathleen},
   title = {The integrative review: updated methodology},
   journal = {Journal of advanced nursing},
   volume = {52},
   number = {5},
   pages = {546-553},
   ISSN = {1365-2648},
   year = {2005},
   type = {Journal Article}
}

@article{RN135,
   author = {Willis, Cameron D. and Mitton, Craig and Gordon, Jason and Best, Allan},
   title = {System tools for system change},
   journal = {Bmj Quality & Safety},
   volume = {21},
   number = {3},
   pages = {250-262},
   ISSN = {2044-5415},
   url = {http://qualitysafety.bmj.com.proxy.library.emory.edu/content/21/3/250.full.pdf#page=1&view=FitH},
   year = {2012},
   type = {Journal Article}
}

@article{RN62,
   author = {Wilson, Leslie and Prescott, Patricia A and Aleksandrowicz, Leah},
   title = {Nursing: a major hospital cost component},
   journal = {Health services research},
   volume = {22},
   number = {6},
   pages = {773},
   year = {1988},
   type = {Journal Article}
}

@article{RN272,
   author = {Wilson, Tim and Holt, Tim and Greenhalgh, Trisha},
   title = {Complexity and clinical care},
   journal = {BMJ: British Medical Journal},
   volume = {323},
   number = {7314},
   pages = {685},
   ISSN = {0959-8138},
   year = {2001},
   type = {Journal Article}
}

@article{RN458,
   author = {Winters, Bradford and PhD, M. D. and Bharmal, Aamir and Md, M. P. H. and Wilson, Renee and Zhang, Allen and Engineer, Lilly and Defoe, Deidre and Bass, Eric and Md, M. P. H. and Dy, Sydney and Md, M. P. H. and Pronovost, Peter and PhD, M. D.},
   title = {Validity of the Agency for Health Care Research and Quality Patient Safety Indicators and the Centers for Medicare and Medicaid Hospital-acquired Conditions: A Systematic Review and Meta-Analysis},
   journal = {Med Care},
   volume = {54},
   number = {12},
   pages = {1105-1111},
   ISSN = {0025-7079},
   url = {http://ovidsp.ovid.com/ovidweb.cgi?T=JS&PAGE=reference&D=ovftr&NEWS=N&AN=00005650-201612000-00014},
   year = {2016},
   type = {Journal Article}
}

@article{RN246,
   author = {Wolf, Lisa A. and Perhats, Cydne and Delao, Altair M. and Clark, Paul R. and Moon, Michael D.},
   title = {On the Threshold of Safety: A Qualitative Exploration of Nurses’ Perceptions of Factors Involved in Safe Staffing Levels in Emergency Departments},
   journal = {Journal of Emergency Nursing},
   volume = {43},
   number = {2},
   pages = {150-157},
   ISSN = {0099-1767},
   DOI = {http://dx.doi.org/10.1016/j.jen.2016.09.003},
   url = {http://www.sciencedirect.com/science/article/pii/S0099176716302136},
   year = {2017},
   type = {Journal Article}
}

@article{RN46,
   author = {Woloshynowych, Maria and Davis, Rachel and Brown, Ruth and Vincent, Charles},
   title = {Communication Patterns in a UK Emergency Department},
   journal = {Annals of Emergency Medicine},
   volume = {50},
   number = {4},
   pages = {407-413},
   ISSN = {0196-0644},
   DOI = {10.1016/j.annemergmed.2007.08.001},
   url = {http://dx.doi.org/10.1016/j.annemergmed.2007.08.001},
   year = {2007},
   type = {Journal Article}
}

@article{RN708,
   author = {Wood, David M and Conran, Pamela and Dargan, Paul I},
   title = {ICD-10 coding: poor identification of recreational drug presentations to a large emergency department},
   journal = {Emergency Medicine Journal},
   volume = {28},
   number = {5},
   pages = {387-389},
   ISSN = {1472-0205},
   year = {2011},
   type = {Journal Article}
}

@article{RN726,
   author = {Woolf, Steven H},
   title = {The meaning of translational research and why it matters},
   journal = {Jama},
   volume = {299},
   number = {2},
   pages = {211-213},
   ISSN = {0098-7484},
   year = {2008},
   type = {Journal Article}
}

@article{RN325,
   author = {Wuerz, Richard C and Milne, Leslie W and Eitel, David R and Travers, Debbie and Gilboy, Nicki},
   title = {Reliability and validity of a new five‐level triage instrument},
   journal = {Academic emergency medicine},
   volume = {7},
   number = {3},
   pages = {236-242},
   ISSN = {1553-2712},
   year = {2000},
   type = {Journal Article}
}

@article{RN619,
   author = {Wyatt, R and Laderman, M and Botwinick, L and Mate, K and Whittington, J},
   title = {Achieving health equity: A guide for health care organizations. IHI white paper},
   journal = {Cambridge, MA: Institute for Healthcare Improvement},
   year = {2016},
   type = {Journal Article}
}

@article{RN455,
   author = {Xu, Jiaquan and Murphy, Sherry L and Kochanek, Kenneth D and Arias, Elizabeth},
   title = {Mortality in the United States, 2015},
   journal = {NCHS data brief},
   number = {267},
   pages = {1},
   ISSN = {1941-4927},
   year = {2016},
   type = {Journal Article}
}

@article{RN257,
   author = {Yao, Wen and Chu, Chao-Hsien and Li, Zang},
   title = {The Adoption and Implementation of RFID Technologies in Healthcare: A Literature Review},
   journal = {Journal of Medical Systems},
   volume = {36},
   number = {6},
   pages = {3507-3525},
   ISSN = {1573-689X},
   DOI = {10.1007/s10916-011-9789-8},
   url = {http://dx.doi.org/10.1007/s10916-011-9789-8},
   year = {2012},
   type = {Journal Article}
}

@article{RN253,
   author = {Yu, Denny and Blocker, Renaldo C. and Sir, Mustafa Y. and Hallbeck, M. Susan and Hellmich, Thomas R. and Cohen, Tara and Nestler, David M. and Pasupathy, Kalyan S.},
   title = {Intelligent Emergency Department: Validation of Sociometers to Study Workload},
   journal = {Journal of Medical Systems},
   volume = {40},
   number = {3},
   pages = {53},
   ISSN = {1573-689X},
   DOI = {10.1007/s10916-015-0405-1},
   url = {http://dx.doi.org/10.1007/s10916-015-0405-1},
   year = {2015},
   type = {Journal Article}
}

@article{RN127,
   author = {Zhan, Chunliu and Miller, Marlene R},
   title = {Excess length of stay, charges, and mortality attributable to medical injuries during hospitalization},
   journal = {Jama},
   volume = {290},
   number = {14},
   pages = {1868-1874},
   ISSN = {0098-7484},
   year = {2003},
   type = {Journal Article}
}

@article{RN55,
   author = {Zheng, K. and Guo, M. H. and Hanauer, D. A.},
   title = {Using the time and motion method to study clinical work processes and workflow: methodological inconsistencies and a call for standardized research},
   journal = {J Am Med Inform Assoc},
   volume = {18},
   number = {5},
   pages = {704-10},
   ISSN = {1067-5027},
   DOI = {10.1136/amiajnl-2011-000083},
   year = {2011},
   type = {Journal Article}
}

@article{RN243,
   author = {Zimmermann, Polly Gerber},
   title = {The case for a universal, valid, reliable 5-tier triage acuity scale for US emergency departments},
   journal = {Journal of Emergency Nursing},
   volume = {27},
   number = {3},
   pages = {246-254},
   ISSN = {0099-1767},
   DOI = {http://dx.doi.org/10.1067/men.2001.115284},
   url = {http://www.sciencedirect.com/science/article/pii/S0099176701070830},
   year = {2001},
   type = {Journal Article}
}

@Manual{CRAN,
    title = {R: A Language and Environment for Statistical Computing},
    author = {{R Core Team}},
    organization = {R Foundation for Statistical Computing},
    address = {Vienna, Austria},
    year = {2017},
    url = {https://www.R-project.org/},
  }
  
  @Manual{TIDY,
    title = {tidyverse: Easily Install and Load the 'Tidyverse'},
    author = {Hadley Wickham},
    year = {2017},
    note = {R package version 1.2.1},
    url = {https://CRAN.R-project.org/package=tidyverse},
  }
  
@Article{IGRAPH,
    title = {The igraph software package for complex network research},
    author = {Gabor Csardi and Tamas Nepusz},
    journal = {InterJournal},
    volume = {Complex Systems},
    pages = {1695},
    year = {2006},
    url = {http://igraph.org},
  }

@Book{GGPLOT2,
    author = {Hadley Wickham},
    title = {ggplot2: Elegant Graphics for Data Analysis},
    publisher = {Springer-Verlag New York},
    year = {2016},
    isbn = {978-3-319-24277-4},
    url = {http://ggplot2.org},
  }

@Manual{MARKDOWN,
    title = {markdown: 'Markdown' Rendering for R},
    author = {JJ Allaire and Jeffrey Horner and Vicent Marti and Natacha Porte},
    year = {2017},
    note = {R package version 0.8},
    url = {https://CRAN.R-project.org/package=markdown},
  }

@article{RN794,
   author = {Donoho, David},
   title = {50 Years of Data Science},
   journal = {Journal of Computational and Graphical Statistics},
   volume = {26},
   number = {4},
   pages = {745-766},
   ISSN = {1061-8600},
   DOI = {10.1080/10618600.2017.1384734},
   url = {https://doi.org/10.1080/10618600.2017.1384734},
   year = {2017},
   type = {Journal Article}
}

@article{BEES,
title = "Application of wireless sensor networks for beehive monitoring and in-hive thermal patterns detection",
journal = "Computers and Electronics in Agriculture",
volume = "127",
pages = "221 - 235",
year = "2016",
issn = "0168-1699",
doi = "https://doi.org/10.1016/j.compag.2016.05.013",
url = "http://www.sciencedirect.com/science/article/pii/S0168169916303015",
author = "Douglas S. Kridi and Carlos Giovanni N. de Carvalho and Danielo G. Gomes",
keywords = "Sensor networks, Absconding, Thermal patterns recognition, Precision beekeeping"
}